1861 2786
234 259 277 287 34
696 253 935 287 HISTORIA
963 253 1210 287 ABBATUM

368 421 543 453 DOMINUS
571 419 793 453 GULIELMUS
819 420 1033 458 GALBRETH‚
1062 421 1185 453 ABBAS
1211 432 1232 453 A
1259 420 1415 453 KYNLos
1441 420 1527 453 XX.

517 491 615 524 Obiit
638 495 689 524 10.
709 491 781 525 Cal.
802 491 969 530 O&0bris‚
986 492 1091 525 Anno
1111 492 1252 525 Domini
1275 495 1374 527 1491.

278 636 442 679 Sepultus
458 634 507 668 est
521 637 611 679 apud
630 635 775 680 Kynlos,
794 637 829 668 in
847 634 971 669 sacello
985 636 1020 669 S.
1041 636 1146 669 Petri.
1191 636 1319 670 Fuerat
1337 637 1392 669 hic
1410 637 1590 670 succentor
1608 650 1662 670 ec-

231 706 350 740 clesiae
379 705 614 746 Moravienfis‚
641 712 838 751 antequam,
865 708 987 741 Jacobi
1013 707 1173 751 Guthery
1198 706 1459 752 praedecessoris
1485 720 1595 752 opera,
1627 710 1661 741 in

229 780 391 812 abbatem
410 779 629 824 deligeretur,
649 784 684 812 et
699 781 733 811 in
746 780 825 822 jure
845 779 1027 812 Pontificio
1043 781 1207 812 eruditus.
1260 779 1294 812 Is
1312 781 1461 823 primum
1480 779 1663 813 transmisit

230 851 378 884 Romam
396 863 456 894 pro
470 852 572 894 hujus
586 851 652 884 loci
667 863 687 884 a
701 851 837 895 Kynlos
852 851 1106 895 diplomatibus,
1125 863 1205 884 cum
1219 856 1322 885 antea
1335 852 1478 885 abbates
1497 852 1663 896 eligeren—

230 928 286 955 tur
308 924 472 956 canonice
497 935 559 966 per
584 924 830 956 monachorum
857 922 1013 967 sufflagia
1034 928 1069 956 et
1095 925 1201 967 patris
1228 924 1361 956 abbatis
1379 935 1398 957 a
1417 924 1549 957 Meli-os
1576 925 1664 957 elec-

230 995 370 1027 tionem.
423 994 469 1027 Et
487 999 607 1027 tamen
625 994 809 1037 perhibent
843 993 939 1027 fuiffe
958 996 1102 1038 probmn
1117 995 1293 1028 hominem
1312 994 1426 1028 statim
1445 995 1506 1028 sub
1524 998 1661 1029 initium

229 1066 307 1099 suae
326 1068 561 1110 promotionis,
581 1072 620 1099 ut
639 1068 697 1109 qui
711 1078 839 1099 annum
858 1068 1047 1099 novitiatus
1061 1066 1245 1100 absolverit
1262 1068 1353 1111 apud
1368 1069 1552 1101 monachos
1570 1071 1663 1111 prius

229 1150 331 1181 quam
366 1139 470 1171 abbas
499 1146 688 1171 vocaretur.
752 1138 830 1171 Hoc
857 1150 965 1171 unum
992 1140 1162 1171 duntaxat
1192 1140 1335 1171 minime
1366 1138 1416 1171 est
1448 1140 1662 1182 probandum

229 1211 320 1253 quod
353 1209 546 1253 symoniace
581 1214 716 1242 tantam
748 1211 833 1243 emit
870 1210 1085 1254 dignitatem,
1118 1211 1292 1243 vendente
1322 1209 1575 1254 praedecessore
1605 1211 1663 1244 suo

229 1282 250 1313 J
254 1282 360 1314 acobo
379 1282 548 1325 Guthery.

277 1354 365 1386 Cum
383 1353 486 1387 semel
511 1354 683 1397 p1·ofe5tus
702 1352 783 1387 esset
810 1354 979 1387 Galbreth
999 1355 1040 1387 ad
1059 1352 1236 1387 eeclesiam
1263 1354 1413 1387 Awacht
1439 1356 1473 1387 in
1501 1354 1660 1391 Roffiani.

230 1431 265 1457 et
283 1430 517 1458 reverteretur
534 1427 651 1469 paucis
666 1426 988 1463 concomitantibus
1007 1438 1027 1459 a
1044 1425 1180 1459 Barone
1200 1426 1242 1458 de
1260 1425 1490 1470 Kyllrauuyk,
1510 1427 1662 1472 Hugone

229 1502 458 1541 cognomento
474 1496 568 1535 Ross,
584 1498 656 1540 ejus
671 1499 728 1540 qui
744 1509 836 1530 nunc
852 1498 937 1529 vivit
950 1508 1023 1535 avo,
1038 1499 1252 1540 interceptus
1267 1495 1325 1530 est.
1370 1498 1410 1530 Id
1422 1510 1501 1531 cum
1515 1498 1660 1532 rescisset

229 1570 387 1602 dominus
405 1568 558 1602 Jacobus
576 1569 618 1601 de
637 1568 795 1601 Dumbar
812 1580 917 1611 eques
935 1576 1084 1607 auratus,
1113 1570 1303 1601 vicecomes
1322 1569 1511 1608 Moraviae,
1536 1576 1572 1603 et
1589 1572 1661 1604 bal-

229 1641 316 1673 livus
335 1652 354 1673 a
372 1640 516 1684 Kynlos,
544 1640 694 1673 colle&is
721 1640 851 1683 aliquot
878 1641 1018 1673 armatis
1044 1641 1123 1672 viris
1149 1641 1327 1678 militibus,
1347 1642 1388 1674 ad
1408 1641 1576 1675 Galbreth
1603 1645 1661 1676 ab·

228 1712 343 1744 batem
371 1712 585 1745 liberandum
613 1710 662 1744 est
688 1712 869 1755 profefims,
921 1711 1055 1744 Verum
1075 1711 1180 1755 Hugo
1199 1713 1324 1754 equitis
1351 1713 1500 1746 furorem
1527 1714 1662 1757 persen-

229 1785 328 1822 tiens,
346 1783 542 1827 priusquam
561 1784 663 1816 armis
682 1788 901 1816 concurreret
919 1784 1079 1816 abbatem
1102 1781 1235 1816 missum
1254 1784 1345 1822 fecit,
1373 1790 1408 1817 et
1426 1786 1475 1818 ita
1492 1798 1533 1819 ea
1552 1788 1662 1831 indig-

229 1857 323 1889 natio
341 1854 481 1888 abceffit
499 1854 570 1888 fine
588 1854 761 1899 sanguine.

277 1927 358 1959 Fuit
376 1926 547 1960 Galbreth
564 1927 668 1959 abbas
687 1928 737 1958 vir
762 1926 864 1970 paulo
890 1925 1046 1965 severior,
1073 1932 1111 1959 ut
1139 1928 1195 1969 qui
1214 1928 1249 1959 in
1267 1928 1417 1960 furorem
1435 1934 1471 1961 et
1489 1931 1660 1972 quandam

229 1997 377 2031 insaniae
394 1998 541 2041 speciem
560 2009 620 2041 per
637 2003 747 2031 atram
765 1998 869 2031 bilem
889 1998 1102 2040 frequentius
1121 1999 1331 2031 incitaretur.

278 2070 351 2102 Sub
362 2070 425 2102 hoc
440 2070 564 2102 abbate
575 2069 750 2113 susceptus
764 2068 813 2101 est
828 2070 862 2101 in
876 2070 1131 2107 monachatum,
1148 2071 1306 2103 dominus
1319 2070 1341 2103 J
1344 2082 1472 2104 oannes
1486 2072 1658 2113 Richardi,

230 2142 287 2184 qui
306 2141 392 2174 obiit
417 2141 507 2174 1526
527 2141 581 2173 die
600 2144 642 2173 25
665 2140 832 2178 Januarii,
860 2141 1019 2173 dominus
1045 2141 1193 2174 Thomas
1219 2140 1376 2185 Crystall,
1403 2141 1519 2186 postea
1544 2146 1657 2185 abbas,

231 2213 389 2245 (lominus
428 2211 541 2244 David
577 2212 697 2255 Spens,
733 2223 824 2244 nunc
859 2213 893 2243 in
934 2211 1070 2255 Kynlos
1107 2214 1206 2256 prior,
1244 2218 1277 2246 et
1313 2215 1472 2247 dominus
1506 2215 1658 2251 Joannes

231 2284 434 2327 Compland,
454 2284 511 2326 qui
531 2283 616 2315 obiit
638 2286 726 2315 1518
745 2283 869 2315 ultima
887 2282 1072 2316 Februarii.
