1861 2786
588 272 905 306 MONASTERII
933 274 964 306 A
994 274 1212 308 KYNLOs.
1564 280 1607 309 823

176 365 337 411 mologefi
356 368 422 400 rite
440 368 585 411 peraeta,
605 368 834 411 triduanoque
854 369 997 412 jejunio,
1014 375 1049 402 et
1068 368 1277 403 lacroliincta
1296 371 1426 414 Synaxi
1446 370 1608 415 luscepta,

171 436 294 472 Christi
313 438 432 472 fideles
454 439 609 472 omnium
635 444 856 482 peccatorum
877 442 1011 473 veniam
1040 441 1345 485 coiiibquercntur)
1365 441 1610 486 religiosissime

171 511 285 544 triduo
304 521 406 554 quam
424 516 619 544 moreretur
636 511 849 555 adimplevit.

218 582 259 615 In
278 583 397 616 mortis
415 583 571 622 articulo,
590 582 683 616 sacro
700 584 851 627 primum
875 590 1048 618 ceromate
1075 585 1260 625 delibutus,
1288 598 1357 619 non
1384 587 1487 620 semel
1514 589 1610 631 pien—

170 652 284 687 tiffimi
303 653 386 688 Jesu
405 654 672 688 misericordiam
697 656 905 700 imploravit,
924 657 1095 700 petiitque
1114 669 1134 691 a
1151 657 1219 691 suis
1238 659 1463 692 familiaribus
1484 658 1508 692 st
1527 661 1607 703 quid

168 727 278 759 acrius
297 727 473 760 interdum
491 728 527 760 in
545 727 622 761 illos
641 726 772 761 fecisset
797 726 858 761 fibi
877 729 912 761 in
931 728 1030 762 Illius
1050 730 1189 763 nomine
1208 731 1266 773 qui
1284 742 1345 774 pro
1363 731 1461 764 nobis
1482 742 1610 775 pepen-

168 799 219 831 dit
247 799 282 831 in
313 799 406 843 ligno
437 800 673 833 condonarent
688 811 696 839 3
726 801 930 834 remittebat
960 800 1020 833 ille
1050 799 1202 840 viciffim,
1233 813 1302 835 non
1333 802 1442 835 solum
1472 802 1609 836 suorum

168 870 398 910 familiarium,
425 870 483 904 sed
508 873 665 905 omnium
690 873 871 906 hominum
889 872 1069 905 adversum
1096 872 1130 906 se
1156 884 1293 906 noxam.
1346 874 1392 907 Et
1411 875 1611 918 frequenter

167 943 285 975 divum
300 941 564 988 Hieronymum,
579 954 683 987 quem
700 945 926 988 praecipuum
943 945 1066 978 habuit
1081 945 1164 978 dum
1178 947 1311 979 viveret
1325 948 1416 980 inter
1430 946 1539 980 Divos
1552 959 1610 991 pa-

167 1020 316 1054 tronum,
335 1015 555 1055 inclamabat,
574 1020 624 1055 ut,
644 1015 779 1050 detersa
791 1017 948 1050 omnium
968 1018 1130 1051 vitiorum
1149 1019 1184 1051 in
1202 1019 1267 1052 hoe
1285 1020 1415 1052 mundo
1434 1022 1608 1054 contracta

166 1087 311 1127 macula,
342 1087 376 1121 se
403 1087 555 1121 Domino
584 1087 669 1121 Jesu
702 1089 914 1122 conciliaret.
982 1088 1170 1129 Postremo,
1203 1091 1262 1124 ubi
1293 1090 1498 1125 destituisset
1529 1104 1609 1125 eum

166 1157 285 1197 sermo,
312 1159 477 1193 infinitics
503 1161 657 1193 crucifixi
685 1166 807 1205 typum
833 1160 1061 1201 osculabatur,
1085 1167 1121 1196 et
1147 1162 1282 1196 sublata
1308 1175 1413 1196 manu
1440 1164 1473 1197 fe
1499 1166 1609 1198 erucis

167 1230 338 1276 signaculo
364 1232 555 1266 identidem
578 1233 768 1267 muniebat.
830 1234 886 1267 Ac
913 1235 995 1267 dum
1014 1235 1097 1268 talia
1115 1245 1214 1268 verae
1240 1237 1380 1280 pietatis
1406 1242 1610 1280 argumenta

166 1302 320 1349 designat
339 1305 389 1337 vir
406 1303 665 1344 laudatissimus,
684 1306 835 1339 animam
855 1305 990 1339 Christo
1008 1307 1168 1340 reddidit.

214 1377 260 1410 Et
281 1382 321 1410 ut
346 1378 464 1421 paucis
490 1389 563 1410 rem
590 1382 701 1411 totam
727 1378 1016 1422 complectamur:
1047 1385 1149 1412 natus
1175 1378 1224 1412 cst
1251 1392 1341 1413 anno
1362 1380 1503 1414 Domini
1528 1393 1609 1424 qua-

166 1448 433 1494 dringcutcfimo
468 1449 719 1494 septuagefimo
754 1451 873 1484 octavo
889 1463 896 1490 ;
939 1449 1088 1496 egressus
1122 1463 1202 1485 vero
1237 1453 1411 1486 decimum
1450 1455 1608 1487 octavum

164 1523 288 1555 aetatis
315 1533 455 1561 annum,
475 1522 535 1555 sub
563 1523 702 1555 domino
728 1523 854 1556 abbate
880 1535 899 1556 a
918 1523 1054 1567 Kynlos
1081 1525 1221 1557 domino
1241 1525 1418 1559 Gulielmo
1437 1527 1606 1560 Galbreth

166 1595 273 1627 tactus
297 1592 347 1627 est
365 1593 597 1627 Cistercienfis
612 1592 760 1628 instituti
779 1596 1003 1631 candidatus:
1030 1596 1163 1635 deinde,
1182 1597 1340 1630 revoluto
1364 1609 1488 1642 nempe
1507 1611 1607 1635 anno,

165 1665 213 1699 cst
232 1667 386 1710 regulam
413 1667 482 1699 divi
501 1667 683 1700 Benedicti
702 1666 876 1711 profell'11s‚
904 1672 940 1700 ct
958 1666 1042 1700 serie
1061 1669 1209 1711 quadani
1228 1669 1366 1702 decenti
1384 1670 1552 1714 paulatim
1572 1672 1607 1704 in

165 1739 343 1772 fircerdotfi
361 1739 506 1782 gradum
524 1741 725 1782 provectu&
747 1737 931 1783 infignitus
949 1740 1112 1772 nimirum
1130 1740 1314 1774 sacerdotis
1332 1741 1527 1776 charactere
1546 1742 1606 1776 sub

164 1811 316 1855 praesule
329 1810 491 1849 Roll'enli,
507 1811 631 1844 ultima
645 1810 945 1856 quadragcfimarii
958 1812 1083 1855 jejunii
1098 1813 1334 1853 hebdomade;
1357 1826 1396 1847 ac
1412 1816 1515 1847 tertio
1528 1815 1606 1849 Pas-

164 1884 247 1917 chac
259 1884 324 1922 (lie,
336 1884 492 1927 proxime
505 1894 584 1916 cum
598 1883 711 1916 fuerat
723 1884 889 1922 initiatus,
905 1883 1002 1916 suum
1015 1885 1164 1927 primum
1179 1884 1311 1918 sacrum
1323 1888 1467 1931 percgit.
1495 1887 1605 1931 quue

165 1957 311 2000 contigit
324 1955 385 1989 sub
399 1956 570 1988 novitiatu
585 1956 715 1988 domini
730 1955 874 1989 Davidis
889 1954 1010 2000 Spenfi
1029 1957 1128 2000 cujus
1143 1957 1263 1999 (etiam
1280 1962 1357 1991 tum
1372 1959 1550 2004 diaconus)
1569 1962 1603 1993 in

163 2028 215 2060 his
230 2038 317 2071 quae
331 2028 373 2061 ad
391 2028 623 2061 caeremonias
640 2027 815 2072 religionis
828 2027 982 2071 spectant
1001 2027 1177 2062 institutor
1195 2030 1353 2064 domiuus
1365 2031 1513 2065 Thomas
1528 2032 1602 2065 fuit.

166 2098 245 2132 Post
263 2100 393 2143 aliquot
412 2111 492 2132 vero
510 2109 626 2137 annos,
647 2098 742 2142 justa
760 2099 923 2133 videlicet
941 2101 984 2134 de
1002 2101 1110 2140 causa,
1129 2114 1148 2135 a
1165 2102 1305 2135 domino
1324 2103 1501 2137 Gulielmo
1521 2104 1604 2137 Cul-

165 2170 230 2204 ross
249 2171 440 2205 declaratus
466 2169 515 2204 cst
542 2169 737 2204 monasterii
756 2182 776 2204 a
793 2170 929 2215 Kynlos
956 2173 1080 2206 abbas:
1107 2178 1142 2206 et
1160 2185 1180 2207 a
1198 2174 1353 2218 praesule
1379 2174 1600 2210 Berchinenst

140 2247 395 2287 'cognomento
414 2243 587 2282 Meldron,
615 2243 650 2275 in
669 2242 830 2276 abbatem
848 2242 909 2277 sub
927 2242 1053 2277 festum
1071 2244 1094 2278 J
1097 2246 1217 2278 oannis
1235 2245 1412 2290 Baptistae
1431 2248 1600 2287 inuncans,

164 2316 205 2348 ad
232 2315 328 2348 suum
355 2314 598 2348 monasterium
624 2314 746 2354 rediit;
777 2314 889 2348 rursus
915 2316 949 2348 in
977 2316 1181 2351 celebritate
1207 2316 1443 2362 affumptionis
1470 2319 1599 2353 Beatac

876 2385 895 2407 L
