1861 2786
673 759 764 797 AD
806 760 1209 799 LECTOREM.

263 910 406 954 Optime
427 910 558 945 laceror,
575 910 794 943 decreveram
809 912 959 954 primum
975 915 1163 944 contexere
1178 910 1368 945 Historiam
1381 924 1401 946 a
1415 912 1569 957 Kynlos:
1590 914 1659 947 Sed

214 994 293 1017 eum
319 981 559 1026 perspexissem
578 994 647 1015 non
666 994 774 1026 pauca
800 983 986 1016 admodum
1014 983 1164 1021 obscura,
1192 989 1231 1016 ut
1258 984 1373 1017 lucem
1391 997 1461 1018 non
1478 987 1659 1030 recipiunt,

215 1060 350 1089 mutato
364 1053 513 1093 consilio,
533 1054 675 1099 Sylvam
695 1055 868 1098 quandam
887 1056 1044 1088 omnium
1062 1057 1314 1099 antiquitatum
1333 1068 1417 1100 quas
1436 1058 1583 1091 nancisci
1602 1070 1661 1102 po-

216 1129 265 1160 tui
293 1126 460 1172 deseripfi,
488 1127 687 1170 relinquens
713 1126 909 1171 posteritati
930 1128 1020 1160 hanc
1046 1139 1163 1161 curam
1190 1134 1229 1161 ut
1256 1130 1407 1172 inquirat
1425 1141 1514 1173 quae
1532 1129 1661 1164 defide-

215 1205 343 1236 rantur,
363 1206 398 1232 et
419 1199 463 1232 [ic
483 1199 672 1233 Historiam
691 1210 760 1232 non
781 1198 851 1232 fine
869 1198 993 1232 nostris
1019 1201 1238 1234 adminiculis
1257 1200 1458 1235 conscribat.
1508 1202 1545 1235 Si
1572 1204 1660 1236 forte

215 1274 303 1316 petis
321 1283 388 1315 quo
407 1272 505 1315 pacto
524 1271 685 1315 suppetet
708 1273 957 1314 antiquitatum
978 1274 1077 1315 eopia
1095 1271 1248 1315 posteris,
1268 1284 1356 1316 quae
1375 1286 1437 1307 uos
1456 1273 1660 1314 destituerit,

214 1345 372 1378 indicabo
394 1345 521 1388 paucis.
575 1344 695 1377 Multa
712 1343 792 1376 sunt
811 1345 846 1376 in
865 1343 960 1377 libris
986 1344 1234 1388 Episcoporum
1253 1345 1434 1380 Moraviae
1452 1353 1487 1380 et
1506 1349 1579 1391 ejus
1597 1348 1661 1382 Ca-

214 1416 325 1461 pituli,
344 1417 419 1450 {usta
436 1417 538 1459 hujus
550 1416 616 1449 loci
628 1428 648 1449 a
667 1415 813 1459 Kynlos,
833 1427 921 1459 quae
938 1427 1008 1448 non
1024 1422 1222 1460 poteramus
1240 1428 1301 1461 per
1319 1420 1563 1462 occupationes
1582 1432 1661 1454 eon-

212 1489 339 1522 sulere:
367 1488 478 1521 multa
496 1489 530 1520 in
552 1487 694 1522 Melros.
715 1487 841 1531 Cupro,
862 1487 956 1527 Deir,
977 1494 1010 1521 et
1032 1488 1180 1528 Culross,
1201 1501 1288 1533 quae
1307 1496 1471 1534 poterunt
1491 1492 1659 1526 observari

213 1562 255 1594 ab
281 1562 333 1593 his
360 1559 516 1593 studiosis
543 1561 729 1598 monachis,
757 1562 815 1603 qui
842 1561 884 1593 ad
903 1572 943 1594 ea
969 1561 1044 1594 loca
1071 1561 1315 1605 ihepenumero
1343 1564 1530 1597 divertunt.
1584 1566 1660 1599 Hoc

213 1632 262 1666 est
286 1634 377 1676 quod
395 1639 430 1666 te
458 1634 615 1677 ignorare
635 1632 730 1665 nolui
751 1632 875 1666 Lestor
893 1633 991 1665 bone.
1037 1632 1127 1666 Vale
1155 1634 1311 1668 feliciter.
1338 1641 1371 1668 et
1398 1637 1485 1669 benc
1504 1645 1661 1681 precator

212 1705 282 1739 istis
301 1704 432 1740 nostris.
451 1706 487 1738 in
505 1712 602 1739 tuam
620 1706 777 1749 gratiam,
798 1705 983 1738 laboribus.
