1861 2786
576 264 897 300 MONASTERII
925 264 957 297 A
986 263 1204 297 KYNLOS.
1598 266 1617 296 Τ

172 364 214 397 ad
233 373 348 397 veram
360 361 559 407 justamque
577 362 809 396 eruditionem
826 359 965 405 spectat.
1001 359 1039 393 Si
1058 361 1116 403 qui
1135 359 1347 392 videbuntur
1365 356 1479 391 lascivi
1499 358 1617 401 inagis,

173 447 276 479 quam
294 441 333 469 ut
351 435 401 469 illi
419 435 627 468 conveniant
648 434 764 471 aetati,
783 432 1010 467 submoveant
1028 434 1236 477 prudenter:
1267 433 1407 465 interim
1433 431 1543 464 relicti
1560 432 1616 474 qui

174 510 224 542 his
239 511 394 543 omnium
408 509 548 543 calculis
566 509 765 552 probantur.
802 507 928 541 Pateat
945 507 1026 539 hin<-
1045 506 1160 539 aditus
1179 506 1221 538 ad
1240 505 1460 541 rhetorioem,
1479 504 1544 536 hoc
1559 502 1617 537 est.

172 582 214 614 ad
233 582 321 614 bene
339 586 528 625 ornateque
547 581 683 614 dicendi
705 581 883 624 peritiam:
914 577 959 612 {ic
978 579 1071 611 enim
1090 577 1234 616 facilius,
1262 578 1305 610 ad
1324 587 1441 610 veram
1468 576 1620 609 dialecti-

173 665 248 687 cam
266 652 527 697 universamque
544 652 804 697 philosophiam,
823 652 969 697 gradum
987 651 1091 684 faciat
1111 650 1280 694 juventus
1299 650 1440 693 optima.
1493 648 1535 681 In
1553 659 1621 691 qua

172 725 241 759 sola
259 727 347 760 bene
365 727 535 770 beateque
554 726 693 760 vivendi
712 725 881 758 formulae
899 734 1020 757 omnes
1038 723 1151 757 latent
1169 720 1387 766 penitiffime.
1439 721 1620 764 Siquidem

173 798 385 842 philosophia
412 804 447 832 et
474 799 668 842 principum
693 802 728 831 et
758 797 973 841 plebeiorum
991 795 1104 828 tutela
1130 795 1233 839 longe
1259 795 1391 838 optima
1408 793 1620 837 perhibetur.

174 871 272 904 Haec
289 870 359 904 sola
375 870 532 914 palantes
550 871 700 914 primum
714 870 872 902 homines
886 869 922 901 in
936 879 1045 901 unum
1060 878 1183 911 corpus
1198 867 1382 910 compegit,
1402 866 1495 910 leges
1510 864 1622 909 posuit

173 944 215 977 ad
234 943 460 987 Reipublicae
478 941 721 987 gubernacula,
741 941 866 985 quibus
880 941 1001 974 virtuti
1020 940 1174 984 praemia
1186 937 1440 982 sceleribusque
1456 937 1621 982 supplicia

174 1016 401 1049 decernimus.
453 1014 580 1048 Pacem
606 1019 727 1047 tuetur
745 1011 970 1057 philosophia,
995 1017 1086 1045 artes
1104 1010 1236 1050 statuit,
1255 1023 1295 1044 ac
1313 1010 1517 1055 religionem
1544 1022 1624 1043 auc-

174 1090 298 1121 tiorem
312 1088 590 1130 ornatioremque
608 1086 731 1120 reddit.
775 1085 843 1119 Per
861 1096 938 1118 eam
956 1082 1179 1118 reflorescunt
1197 1084 1232 1116 in
1251 1082 1449 1116 universum
1467 1082 1624 1116 liberalia

175 1159 295 1197 studia,
342 1170 478 1193 morum
513 1157 640 1192 fatiscit
675 1157 881 1201 corruptela,
918 1156 1079 1190 seruntur
1113 1157 1286 1188 virtutes:
1322 1156 1473 1199 denique
1508 1156 1623 1187 divina

174 1234 326 1266 humana
351 1244 418 1276 que
444 1232 560 1264 omnia
584 1231 686 1274 hujus
704 1228 928 1264 sanffiffimae
955 1230 1118 1273 parentis,
1137 1227 1382 1272 philosophiae,
1402 1227 1623 1261 adminiculis

175 1305 339 1339 facillime
368 1306 574 1342 retinentur,
606 1303 689 1337 alias
719 1304 755 1336 in
786 1302 934 1336 nihilum
968 1302 1114 1335 abitura.
1167 1301 1270 1341 Quod
1296 1298 1321 1333 fi
1348 1301 1423 1343 quis
1455 1301 1624 1333 detrectet

176 1383 291 1411 tantos
319 1377 454 1411 labores
481 1377 523 1410 ad
543 1377 651 1409 vitam
669 1374 765 1409 suam
782 1373 1044 1413 instituendam,
1063 1378 1099 1407 et
1116 1373 1206 1406 nolit
1231 1372 1466 1417 philosophiae
1484 1384 1623 1416 operam

176 1462 321 1484 navare:
348 1461 419 1482 non
437 1450 584 1482 miretur
600 1447 625 1481 fi
644 1458 749 1492 parvo
767 1451 947 1479 momento
966 1446 1009 1480 ab
1027 1447 1255 1491 ignoratione,
1275 1446 1311 1478 in
1329 1445 1493 1478 vitiorum
1511 1444 1624 1477 sordes

176 1524 338 1567 rapiatur.
389 1522 458 1562 Qui
486 1522 615 1566 poterit
642 1519 819 1563 utriusque
846 1520 1006 1552 fortunae
1030 1518 1251 1552 insolentiam
1269 1518 1420 1562 perferre
1439 1518 1476 1556 is,
1504 1518 1538 1550 in
1558 1529 1624 1561 quo

177 1596 261 1629 nihil
279 1593 522 1640 philosophiae,
541 1594 605 1627 hoc
624 1592 684 1632 est,
704 1593 857 1626 rectioris
871 1592 973 1630 vitae,
992 1603 1037 1624 ne
1054 1592 1146 1624 mica
1163 1591 1305 1634 quidem
1322 1591 1528 1634 prudentiae
1545 1602 1626 1623 con-

178 1667 438 1712 sultationisque
467 1665 642 1700 subsistit?
678 1665 749 1699 Sed
779 1664 1012 1698 causabuntur
1041 1664 1198 1708 plerique
1225 1668 1404 1697 tantorum
1433 1662 1625 1696 studiorum

178 1741 420 1774 difficultatem
438 1744 473 1773 et
491 1740 631 1773 inanem
659 1743 833 1777 conatum,
858 1735 1070 1781 potiffimum
1087 1737 1143 1770 hic
1170 1738 1206 1769 in
1233 1736 1358 1779 quibus
1385 1747 1455 1768 non
1483 1741 1626 1780 apparet

179 1813 307 1858 ingenii
333 1813 498 1846 vivacitas
531 1817 567 1845 et
596 1816 741 1845 naturae
771 1810 942 1854 quaedam
971 1808 1229 1853 praecellentia.
1287 1808 1370 1840 Non
1394 1807 1511 1841 sumus
1541 1809 1626 1842 adeo

178 1888 296 1931 ignari,
325 1891 365 1919 ut
391 1897 453 1919 nos
479 1886 590 1930 fugiat
616 1895 723 1928 quum
753 1884 795 1917 ad
813 1881 1064 1927 philosophiam
1088 1892 1261 1920 vocamus,
1286 1881 1416 1914 mult'os
1434 1881 1626 1914 adinveniri

179 1960 365 2003 ineptiores
395 1969 499 2002 quam
526 1959 585 2001 qui
610 1955 738 2001 poffint
765 1957 800 1989 in
830 1955 1054 1989 sanctioribus
1084 1952 1205 1987 studiis
1233 1952 1369 1986 versari.
1438 1952 1516 1987 Nec
1547 1965 1625 1987 cum

179 2031 247 2064 illis
275 2043 367 2064 nunc
394 2031 493 2064 nobis
521 2029 571 2064 est
599 2030 793 2074 negocium.
857 2027 936 2061 Hoc
964 2026 1074 2060 solum
1093 2026 1252 2060 volumus
1278 2024 1458 2065 insinuare,
1476 2038 1546 2060 non
1570 2027 1627 2059 de-

180 2102 247 2137 esse
275 2103 404 2137 multos
432 2103 556 2147 quibus
582 2101 769 2146 suppetant
796 2102 921 2139 omnia,
944 2102 1049 2134 etiam
1068 2100 1198 2144 ingenii
1225 2100 1382 2133 bonitas:
1411 2100 1470 2143 qui
1488 2103 1627 2132 tantum

181 2175 276 2210 abest
306 2181 346 2209 ut
373 2174 606 2220 philosophiae
636 2172 756 2207 studiis
791 2174 946 2207 animum
977 2173 1150 2216 adjiciant,
1180 2176 1221 2205 ut
1252 2172 1358 2205 etiam
1389 2182 1447 2205 eos
1478 2182 1563 2215 quos
1593 2172 1627 2204 in

183 2249 383 2283 sanctiorem
412 2246 595 2292 propensos
621 2248 742 2281 vident
769 2247 1011 2284 eruditionem,
1040 2244 1201 2289 exemplo
1230 2244 1323 2278 malo
1351 2256 1371 2278 a
1402 2245 1531 2278 virtute
1559 2255 1627 2276 non

185 2319 341 2356 desinant
371 2333 524 2355 avocare.
590 2320 711 2355 Genus
745 2320 926 2354 hominum
956 2316 1215 2362 iffiquiffimum,
1250 2329 1320 2351 non
1351 2315 1402 2350 sat
1432 2316 1536 2350 habet
1568 2314 1625 2350 fibi
