1861 2786
590 248 910 282 MONASTERII
936 249 971 282 A
997 248 1216 283 KYNLOS.
1577 254 1619 285 ‘29

355 438 530 471 Dommos
557 437 778 471 GULIELMUS
805 438 932 477 Bmm,
960 438 1085 471 ABBAS
1113 450 1132 471 A
1160 439 1315 472 KYNLos
1342 439 1449 473 XVI.

544 508 643 542 Obiit
664 513 706 542 15
734 509 814 543 Kal.
843 510 1015 543 Novemb.
1035 510 1127 544 A.D.
1152 513 1253 545 1445.

229 629 332 663 Vixit
357 630 411 662 hie
438 630 489 662 vir
516 630 551 662 in
579 628 715 673 Kynlos
742 630 784 663 ab
809 641 900 662 anno
930 633 1014 663 1401
1046 633 1088 663 ad
1116 642 1246 664 annum
1275 634 1363 664 1430
1389 632 1443 664 vel
1470 633 1616 665 circiter.

181 700 305 734 Postea
329 702 364 734 in
391 701 546 745 Cuprum
572 699 748 745 Angufiae
776 700 825 734 est
853 700 1075 745 transpositus
1104 708 1143 735 ut
1171 703 1220 735 illi
1252 702 1417 746 praeefl'et
1444 704 1529 742 loco,
1561 705 1618 737 ubi

179 774 329 806 moriens
354 777 436 806 ante
461 772 630 806 summam
654 784 748 806 aram
774 772 822 806 sui
849 773 1054 807 Monasterii
1072 773 1225 818 sepultus
1244 773 1302 808 est.
1357 775 1438 808 Fuit
1458 777 1485 808 is
1504 777 1620 809 decre—

179 851 295 877 torum
309 845 425 877 doctor
442 849 478 877 et
495 845 684 878 monachus
697 845 788 889 apud
803 844 967 888 Cuprum,
987 845 1183 889 priusquam
1198 846 1319 880 Abbas
1338 860 1357 880 a
1376 848 1512 892 Kynlos
1527 860 1619 881 crea-

179 922 293 956 retur3
318 921 506 960 utrumque
524 918 615 950 rexit
638 916 881 950 monasterium
900 922 936 950 et
954 916 1157 951 instauravit
1176 930 1284 952 annos
1302 922 1358 952 41.
1410 920 1479 953 Hic
1498 921 1618 953 Abbas

179 988 270 1021 A.D.
302 991 402 1027 1419,
433 987 494 1021 sub
520 1000 650 1022 annum
675 988 864 1022 secundum
891 989 1038 1022 Martini
1068 989 1247 1024 pontificis
1273 990 1407 1030 summi,
1439 993 1617 1025 (lominum

178 1060 353 1095 Joannem
379 1060 558 1094 Abbatem
589 1073 609 1095 a
637 1061 760 1094 Culros
786 1066 927 1105 propter
953 1063 1225 1096 concubinatum
1243 1064 1279 1096 in
1296 1064 1453 1097 ordinem
1471 1065 1616 1109 redegit.

177 1133 274 1166 Tunc
293 1134 458 1177 temporis
482 1134 517 1166 in
543 1144 583 1166 eo
610 1134 759 1177 praefuit
786 1134 925 1177 negotio
952 1134 1112 1167 dominus
1130 1134 1284 1168 Joannes
1312 1135 1339 1168 F
1342 1147 1416 1180 ogo,
1445 1138 1496 1169 vir
1521 1138 1617 1170 ‘theo-

179 1206 286 1249 logus‚
317 1206 467 1249 primum
497 1206 695 1243 monachus,
727 1206 807 1238 dein
834 1206 955 1239 Abbas
985 1218 1005 1239 a
1036 1206 1189 1245 Melros3
1229 1219 1269 1240 ea
1299 1209 1523 1253 contigebant
1555 1211 1617 1241 im-

178 1283 321 1321 perante
345 1277 477 1311 Jacobo
505 1277 689 1311 Scotorum
717 1290 798 1322 rege
825 1279 898 1321 ejus
925 1279 1074 1311 nominis
1106 1280 1227 1322 primO.
1280 1279 1379 1313 Idem
1410 1280 1531 1314 Abbas
1557 1281 1617 1314 sub

178 1348 346 1393 Episcopo
377 1349 557 1383 Moraviae
588 1349 742 1383 Heni-ico
773 1350 873 1383 litem
903 1351 1012 1383 movit
1042 1350 1205 1395 magistro
1236 1352 1427 1385 Columbae
1459 1352 1617 1386 Dumbar

177 1422 219 1454 de
237 1433 351 1454 annuo
370 1420 472 1454 censu
490 1421 675 1454 solidorum
693 1423 878 1455 Scotorum
901 1425 968 1455 100
986 1434 1006 1455 a
1025 1422 1245 1462 Dundurcus,
1265 1429 1300 1456 et
1319 1425 1411 1462 vicit,
1438 1424 1616 1468 praesente

177 1493 334 1537 Eugenio
358 1493 475 1526 Priore
501 1505 521 1526 a
547 1493 743 1538 Pluscardy,
770 1505 860 1527 anno
888 1494 1030 1527 Domini
1052 1497 1143 1531 1417
1161 1495 1217 1528 die
1244 1499 1288 1528 ⁶20
1316 1495 1485 1529 oenobris.
1538 1497 1615 1530 Hoc

175 1571 331 1610 tempore
362 1566 483 1600 Abbas
517 1564 791 1600 pontiniacensis
825 1566 949 1600 Gallus
979 1567 1121 1600 devenit
1151 1568 1186 1599 in
1217 1567 1381 1607 Scotiam,
1417 1580 1437 1601 a
1467 1569 1613 1602 concilio

175 1636 448 1671 Cistertienfium
478 1642 616 1682 patrum
646 1636 867 1677 transmissus,
899 1643 938 1671 ut
967 1644 1044 1672 tum
1075 1639 1165 1672 forte
1195 1639 1377 1683 collapsam
1407 1641 1611 1685 religionem

175 1710 390 1743 instauraret.
442 1710 516 1744 Sub
544 1711 608 1743 hoc
639 1710 816 1744 Gulielmo
844 1710 986 1744 Abbate
1016 1712 1123 1743 creati
1150 1710 1229 1744 sunt
1260 1711 1425 1745 Monacbi
1455 1714 1613 1746 dominus

174 1782 328 1815 Joannes
359 1782 511 1821 Hunter,
542 1783 702 1816 dominus
733 1782 813 1816 Gul.
846 1782 962 1826 Spine,
994 1783 1051 1825 qui
1079 1783 1163 1815 duas
1188 1783 1320 1826 phialas
1351 1789 1531 1828 argenteas
1565 1785 1612 1818 δ”·

174 1854 337 1887 Andreae
371 1853 495 1887 sacello
525 1854 683 1892 contulit,
715 1858 751 1887 et
781 1855 941 1887 dominus
970 1854 1125 1887 Joannes
1155 1854 1277 1888 Tellen
1308 1857 1366 1898 qui
1397 1857 1545 1899 primum
1576 1858 1610 1889 in

175 1926 341 1959 eleffione
360 1926 510 1959 Abbatis
527 1926 550 1959 J
553 1927 649 1959 acobi
669 1926 828 1970 Guthery
846 1925 1044 1970 suffragium
1065 1926 1157 1959 tulit.

333 2045 508 2078 DOMxNUs
534 2045 701 2078 JOANNES
730 2045 913 2083 FLUTERE,
942 2046 1067 2078 ABBAS
1094 2057 1114 2078 A
1141 2046 1297 2079 KYNLos
1324 2047 1449 2081 XVII.

519 2117 617 2150 Obiit
644 2117 737 2150 Non.
758 2118 845 2151 Maii
864 2118 969 2150 Anno
998 2118 1139 2150 Domini
1162 2120 1262 2152 1460.

222 2212 257 2245 Is
274 2217 478 2257 argenteum
496 2213 633 2256 pedum,
660 2224 728 2256 quo
754 2214 859 2246 etiam
886 2224 978 2246 nunc
1000 2213 1159 2247 Abbates
1184 2218 1332 2247 utuntur
1357 2216 1399 2248 ad
1427 2214 1606 2249 Missarum

172 2284 346 2323 solemnia„
373 2296 498 2329 magno
526 2296 604 2318 aere
632 2286 769 2318 coemit.
822 2285 924 2318 Vixit
952 2286 986 2318 in
1015 2286 1125 2318 officio
1155 2289 1196 2319 10
1224 2298 1341 2320 annos.
1393 2287 1498 2320 Anno
1526 2299 1605 2321 vero
