1861 2786
234 256 277 288 46
696 251 937 285 HISTORIA
964 251 1214 285 ABBATUM

232 349 445 387 felicitatem,
476 348 534 381 lib.
567 351 597 383 9.
650 347 752 385 Item,
771 347 1053 381 Annotationum
1079 349 1115 379 in
1141 345 1303 391 physicen
1331 345 1539 386 Aristotelis,
1564 347 1621 380 lib.
1644 351 1673 380 1.

234 421 337 459 Item,
357 420 638 453 Annotationum
657 420 692 452 in
711 420 849 452 ethicen
870 418 1079 457 Aristotelis,
1099 419 1157 452 lib.
1175 422 1228 452 10.
1272 418 1375 457 Item,
1394 418 1675 452 Annotationum

233 495 268 526 in
291 493 468 536 politicam
495 490 705 531 Aristotelis,
730 491 788 525 lib.
808 494 839 524 8.
906 491 1009 531 Item,
1028 491 1367 525 Commentariorum
1385 492 1422 524 in
1440 492 1676 524 oeconomiam

233 564 441 603 Aristotelis,
463 564 522 597 lib.
543 568 573 597 2.
626 564 728 604 Item,
755 564 918 598 Idearum
945 564 1216 602 Platonicarum,
1234 563 1292 597 lib.
1314 567 1344 596 1.
1396 563 1498 602 Item,
1518 563 1677 596 Annota-

233 639 370 669 tionum
395 638 431 669 in
450 636 583 676 Officia,
610 636 823 676 Amicitiam,
851 636 1087 674 Senefflmtem,
1115 635 1295 668 Paradoxa
1313 640 1349 668 et
1367 635 1550 669 Somnium
1577 635 1676 669 Cice-

234 710 334 748 ronis,
370 709 428 742 lib.
466 712 496 745 7.
558 708 660 748 Item,
700 709 1052 742 Commentariorium
1085 709 1121 741 in
1155 712 1304 751 quatuor
1337 707 1442 741 libros
1477 708 1676 751 apodixium

236 781 389 814 Euclidis
418 792 479 825 per
510 781 699 814 Boethium
730 780 912 819 versorum,
944 781 1001 814 lib.
1036 783 1066 813 4.
1135 780 1237 818 Item,
1269 780 1607 813 Commentariorum
1640 780 1676 812 in

232 852 411 897 epistolam
426 854 507 886 Divi
526 853 723 887 Hieronimi
741 855 838 898 cujus
856 855 994 887 initium
1013 850 1062 886 est
1084 857 1102 870 “
1116 852 1237 885 Frater
1254 850 1485 891 Ambrofius,⁷’
1500 863 1579 885 cum
1598 857 1679 895 typo

235 927 387 959 locorum
406 926 477 959 illio
492 930 747 965 contentorum,
759 926 818 959 lib.
837 929 865 959 1.
910 926 1012 964 Item,
1026 925 1320 969 Peregrinationis
1338 925 1407 957 divi
1423 924 1522 958 Pauli
1540 936 1582 957 ex
1598 925 1680 958 aotis

235 997 481 1041 Apostolorum
506 999 648 1042 phff’cura,
668 998 740 1040 (lib.
763 1001 806 1041 1.)
862 998 963 1036 Item,
983 997 1262 1031 Perielitationes
1279 997 1452 1030 humanae
1470 998 1563 1030 vitae
1589 998 1681 1029 inter

238 1072 385 1103 virtutes
411 1075 447 1103 et
474 1071 566 1108 vitia,
594 1070 652 1103 lib.
676 1074 707 1103 2.
771 1070 873 1109 Item,
901 1070 955 1103 De
981 1070 1102 1102 mundi
1129 1071 1337 1102 aeternitate
1363 1068 1523 1102 adversus
1549 1068 1681 1102 Aristo-

240 1142 357 1180 telem,
384 1142 441 1175 lib.
470 1145 498 1174 1.
550 1142 652 1181 Item,
680 1142 946 1175 Proverbiorum
972 1142 1175 1180 centuriam,
1206 1141 1264 1174 lib.
1300 1145 1329 1173 1.
1391 1141 1493 1180 Item,
1524 1140 1681 1185 Triplicis

240 1216 274 1246 in
305 1215 455 1257 primum
487 1213 656 1257 psalmum
688 1215 922 1253 enarrationis,
958 1214 1016 1247 lib.
1054 1217 1083 1245 1.
1159 1213 1261 1252 Item,
1297 1212 1352 1246 De
1386 1214 1478 1246 re&a
1511 1213 1680 1246 sacrarum

242 1286 418 1318 literarum
450 1287 747 1329 interpretatione,
779 1286 837 1319 lib.
872 1289 900 1318 ].
964 1286 1066 1325 Item,
1098 1286 1436 1319 Commentariorum
1466 1287 1502 1318 in
1533 1286 1682 1319 Paulum

239 1355 379 1396 Roffeti,
407 1358 464 1390 lib.
496 1359 525 1391 6.
577 1357 679 1395 Item,
706 1357 916 1403 Apologiam
943 1357 1103 1391 adversus
1129 1358 1244 1391 futilia
1271 1357 1517 1402 astrologorum
1540 1359 1681 1401 judicia,

241 1429 298 1461 lib.
330 1433 357 1461 1.
423 1429 524 1468 Item,
551 1429 833 1463 Annotationum
862 1431 896 1463 in
925 1435 1074 1473 quatuor
1102 1430 1206 1463 libros
1235 1429 1394 1474 Magistri
1422 1430 1681 1468 sententiarum,

240 1502 298 1534 lib.
328 1501 464 1534 4.—De
492 1502 544 1534 his
570 1501 647 1545 plus
672 1501 763 1535 satis.

291 1718 397 1751 Nunc
415 1718 631 1751 redeundum
650 1717 700 1751 est
718 1719 817 1751 nobis
834 1719 877 1752 ad
895 1719 1026 1751 domini
1053 1719 1200 1751 Roberti
1227 1719 1317 1752 Reid
1344 1719 1478 1753 abbatis
1502 1731 1522 1753 a
1547 1719 1683 1763 Kynlos

242 1791 379 1834 egregia
404 1790 501 1823 fasta.

288 1861 387 1895 Obiit
412 1860 473 1895 sub
499 1862 563 1895 hoo
589 1863 715 1896 abbate
747 1863 905 1895 dominus
937 1862 1108 1896 Patricius
1142 1863 1249 1896 laicus
1275 1865 1464 1897 monachus
1496 1868 1596 1904 1537,
1629 1866 1684 1898 (lie

243 1935 377 1966 decimo
403 1933 548 1977 septimo
578 1934 676 1973 Maii,
708 1935 749 1967 de
776 1946 843 1978 quo
869 1933 969 1978 supra
994 1935 1029 1967 in
1055 1935 1108 1967 his
1133 1946 1222 1978 quae
1250 1934 1329 1968 sunt
1351 1937 1449 1969 nobis
1476 1937 1518 1970 de
1545 1938 1684 1970 domino

241 2005 374 2037 Thoma
407 2004 577 2049 Chrystall
612 2005 804 2049 conscripta
838 2006 943 2039 locuti
979 2006 1104 2039 sumus.
1168 2006 1274 2039 Anno
1318 2007 1460 2041 Domini
1493 2012 1594 2048 1538,
1629 2010 1684 2042 die

242 2075 411 2109 tricesimo
431 2077 563 2115 Martii,
590 2078 675 2110 obiit
700 2078 859 2110 (lominus
886 2077 1000 2111 David
1027 2077 1139 2122 Spens
1164 2079 1256 2122 prior
1280 2091 1300 2112 a
1326 2079 1471 2124 Kynlos,
1500 2082 1551 2113 vir
1575 2082 1685 2114 bonus

244 2154 279 2182 et
313 2149 411 2182 annis
444 2149 576 2192 plenus.
644 2149 747 2183 Vixit
780 2150 836 2183 hie
870 2151 906 2182 iu
940 2150 1107 2194 religione
1141 2162 1248 2184 annos
1283 2153 1511 2197 quadraginta
1542 2152 1684 2197 septem,

245 2222 417 2254 decimum
444 2221 603 2253 oaavum
622 2222 799 2264 attingens
826 2232 904 2254 eum
929 2226 1065 2255 creatus
1092 2221 1141 2255 est
1166 2224 1365 2257 monachus.
1417 2224 1603 2259 Laboravit
1628 2226 1683 2258 hic

245 2294 295 2324 vir
320 2303 399 2325 cum
426 2291 518 2325 senio
544 2297 620 2325 tum
650 2293 769 2325 morbo
794 2291 988 2336 graviffimo
1015 2298 1050 2326 et
1076 2295 1241 2328 continuo
1267 2307 1287 2328 a
1311 2297 1422 2339 primo
1449 2297 1504 2330 die
1531 2296 1687 2330 Novem-
