1861 2786
323 744 611 776 REVERENDO
651 743 701 774 IN
741 743 943 774 CHRISTO
979 743 1120 773 PATRI
1163 743 1350 773 DOMINO
1392 742 1606 772 ROBERTO

326 812 438 842 REID
468 811 641 841 ABBATI
670 809 1016 841 CISTERCIENSIS
1044 809 1276 840 FAMILIAE
1312 808 1602 839 MONASTERII

325 878 386 908 DE
436 877 633 913 KYNLOS,
688 876 961 907 MECAENATI
1015 876 1101 906 SUO
1154 875 1601 906 OBSERVANTISSIMO.

323 944 534 975 JOANNES
558 943 824 974 FERRERIUS
849 943 1247 975 PEDEMONTANUS,
1273 944 1303 972 S.

247 1086 291 1119 ΙΝ
310 1086 404 1118 omni
431 1086 610 1119 literarum
628 1090 664 1118 et
681 1083 872 1118 studiorum
893 1096 1030 1129 genere,
1059 1085 1248 1118 Mecaenas
1272 1081 1493 1122 ornatiffime,
1512 1082 1647 1126 semper

199 1159 422 1203 spectandum
439 1158 499 1197 est,
518 1164 558 1191 ut
576 1158 767 1191 multorum
782 1158 1090 1191 commoditatibus
1104 1156 1312 1190 consulatur.
1349 1156 1405 1190 Ita
1416 1156 1511 1200 leges
1526 1166 1646 1188 01111105

199 1239 235 1264 et
253 1233 339 1264 ritus
357 1232 516 1275 denique,
531 1232 574 1265 ad
592 1236 755 1264 mutuum
781 1232 932 1264 officium
950 1235 986 1263 et
1005 1241 1145 1273 operam
1170 1230 1368 1262 hominibus
1394 1226 1645 1272 praestandam,

198 1304 356 1337 homines
374 1303 545 1338 solicitare
564 1305 730 1337 videmus.
784 1303 831 1336 Et
850 1302 921 1336 fine
939 1304 1000 1342 his,
1020 1314 1090 1336 11011
1109 1301 1299 1336 coalescere
1318 1301 1553 1345 Respublicas,
1573 1306 1645 1334 tam

198 1378 233 1408 in
251 1380 371 1419 aperto
389 1375 449 1415 est,
468 1383 508 1409 ut
526 1377 630 1409 nullis
649 1382 751 1421 egeat
774 1377 1046 1420 probationibus.
1098 1376 1212 1409 Dulce
1231 1374 1358 1417 (nescio
1377 1375 1474 1418 quid)
1493 1376 1529 1407 in
1547 1374 1646 1407 nobis

202 1447 324 1481 insevit
345 1452 477 1487 natura,
496 1449 539 1482 ad
558 1450 716 1492 patriam,
737 1454 908 1493 parentes,
930 1449 1067 1487 amicos,
1093 1458 1236 1490 remque
1262 1445 1413 1479 nostram
1440 1445 1643 1479 familiarem

197 1521 467 1565 gubernandam,
486 1526 527 1554 ut
546 1522 654 1555 vitam
672 1521 811 1554 illorum
831 1526 996 1565 putemus
1015 1520 1175 1555 acerbam
1192 1521 1250 1563 qui
1268 1518 1427 1552 recusant
1442 1519 1497 1551 vel
1516 1529 1645 1561 neque-

198 1600 261 1626 unt
285 1594 337 1626 his
367 1593 552 1637 aliquando
579 1594 740 1627 omnibus
767 1592 946 1626 consulere
974 1595 1009 1626 in
1036 1594 1222 1626 communi.
1273 1592 1406 1625 Contra
1430 1596 1559 1629 autem,
1587 1602 1645 1623 eos

167 1698 171 1703 ,
198 1666 379 1699 laudamus
408 1664 676 1700 cumulatiffime
700 1668 758 1710 qui
786 1678 848 1710 pro
878 1667 932 1700 his
955 1666 1095 1700 tuendis
1123 1677 1193 1698 non
1218 1665 1297 1698 sunt
1321 1665 1513 1697 identidem
1542 1665 1643 1697 veriti

197 1738 398 1782 sanguinem
416 1737 514 1772 suum
533 1738 720 1772 effundere.
774 1738 832 1772 Sic
850 1740 943 1772 enim
962 1739 1134 1772 retinetur
1152 1738 1380 1781 Reipublicae
1398 1736 1643 1780 tranquillitas,

195 1812 332 1854 quando
363 1810 660 1845 consentientibus
688 1812 909 1855 opinionibus
938 1822 1008 1844 una
1035 1821 1166 1849 omnes,
1198 1821 1382 1843 commune
1412 1810 1542 1842 bonum
1574 1820 1642 1841 11011

194 1882 305 1916 solum
330 1882 530 1928 spectamus,
559 1883 617 1917 sed
643 1885 748 1917 etiam
775 1895 836 1928 pro
863 1883 993 1916 viribus
1013 1884 1136 1927 juvare
1163 1883 1416 1916 contendimus.
1470 1880 1643 1926 Satagunt

195 1955 310 2000 Reges
327 1961 494 2000 tanquam
512 1958 683 2001 principes
701 1955 1003 2000 moderatoresque
1021 1956 1210 1994 hominum,
1226 1955 1281 1988 vel
1301 1966 1421 1999 pacem
1435 1956 1525 1988 tueri
1540 1965 1641 1998 quam

197 2029 336 2067 habent,
368 2029 424 2062 vel
453 2027 637 2062 restituere
667 2028 862 2072 collapsam,
897 2040 964 2072 quo
999 2029 1094 2061 locus
1125 2026 1166 2061 fit
1196 2025 1457 2061 administrandi
1485 2025 1643 2071 justitiae

195 2111 299 2143 quam
329 2099 508 2134 obscurare
529 2101 584 2133 vel
614 2102 729 2144 potius
755 2101 879 2133 tollere
905 2105 1050 2133 conetur
1077 2100 1250 2133 bellorum
1279 2098 1474 2133 inconsulta
1500 2100 1643 2132 vanitas.

196 2179 231 2206 et
262 2173 382 2206 mundi
417 2170 598 2206 diffidium.
650 2173 851 2206 Secundum
882 2173 996 2217 Reges
1027 2171 1106 2205 sunt
1139 2170 1359 2216 magistratus
1394 2172 1645 2214 civitatumque

196 2245 367 2288 praefeffi,
386 2256 447 2289 per
464 2256 549 2289 quos
568 2245 657 2278 bene
675 2245 806 2278 habent
822 2242 955 2289 fingula
974 2244 1201 2288 Reipublicae
1225 2245 1392 2282 membra,
1412 2244 1504 2276 unde
1531 2248 1643 2275 totum

195 2330 318 2362 corpus
355 2318 524 2352 coalescit.
580 2318 635 2351 Ac
673 2330 718 2351 ne
756 2318 842 2351 irriti
870 2316 935 2350 smt
970 2322 1115 2350 conatus
1149 2327 1227 2350 cum
1263 2314 1533 2359 magistratuum
1569 2320 1642 2346 tum
