1861 2786
228 258 242 287 1
251 256 270 288 6
688 250 926 295 HISTORIA
953 250 1203 284 ABBATUM

225 361 327 393 quam
342 349 469 382 volavit
488 348 656 386 columba,
672 351 708 380 et
725 347 796 380 illic
813 345 965 380 subfidit.
1017 346 1158 380 Interea
1172 346 1255 379 dum
1269 346 1453 379 miraretur
1467 345 1546 379 Rex
1560 357 1657 390 prae-

226 423 316 471 petis
328 421 482 454 volatum
500 420 635 463 locique
653 420 911 458 amoenitatem,
930 419 1017 452 vidit
1030 430 1152 463 greges
1169 417 1348 462 pascentes
1366 422 1402 451 et
1421 429 1501 451 cum
1517 419 1571 451 his
1589 420 1660 462 opi-

228 494 336 526 liones
354 494 449 531 duos,
468 493 510 525 ad
529 503 613 535 quos
632 492 826 536 digrediens
844 496 1013 535 exceptus
1031 489 1081 524 est
1098 492 1133 524 in
1159 502 1291 524 morem
1317 489 1524 534 pastoricum
1541 491 1662 524 huma-

228 563 370 603 niffime,
389 569 424 597 et
442 575 561 597 eorum
579 562 657 596 usus
675 561 725 596 est
750 562 895 607 hospitio
913 575 954 597 ea
978 563 1088 596 Ποᾶθ.
1141 562 1223 595 Post
1241 574 1394 602 coenam,
1413 573 1522 606 quum
1540 563 1662 607 fatiga-

229 643 285 670 tus
303 634 384 670 esset
402 636 481 670 Rex
495 637 647 679 optimus
665 635 781 668 labore
799 633 964 678 aestuque
978 635 1219 678 praecedentis
1238 635 1315 674 diei,
1334 634 1535 678 aliquandiu
1554 635 1662 668 victus

228 709 346 753 sopore
363 709 581 742 obdormivit.
633 707 717 740 Non
742 706 839 740 secus
864 718 968 750 quam
994 705 1055 739 usu
1075 707 1193 739 venire
1219 707 1386 746 videmus,
1413 704 1489 750 post
1513 706 1662 740 multam

228 782 332 814 animi
351 781 576 825 agitationem
594 779 768 824 vigilando
787 783 1001 823 conceptam,
1028 779 1195 823 imagines
1214 790 1331 811 earum
1349 789 1466 811 rerum
1483 778 1662 812 obversare

228 859 310 886 ante
328 853 445 886 oculos
463 852 795 890 dormiturientibus,
814 852 866 884 vir
882 851 942 884 ille
967 852 1044 894 pius
1069 862 1131 894 per
1155 850 1327 884 somnium
1348 850 1440 884 visus
1458 849 1508 885 est
1526 852 1664 885 oraculo

228 927 426 959 admoneri:
461 931 501 958 ut
527 937 567 958 eo
593 925 658 957 loci
685 926 720 957 in
746 924 1005 957 venerationem
1031 920 1261 967 pientiffimae
1289 923 1417 956 Matris
1444 928 1480 956 et
1507 923 1664 968 Virginis

228 997 391 1031 sacellum
417 1002 571 1041 poneret,
595 997 692 1040 cujus
718 995 927 1030 adminiculo
953 993 1222 1039 praesentiffimo
1249 1000 1332 1028 tunc
1362 994 1515 1029 servatus
1540 993 1663 1028 fuiffet.

230 1071 414 1104 Excitatus
448 1070 526 1103 Rex
556 1081 575 1103 a
600 1068 718 1102 somno
744 1080 823 1102 cum
848 1067 982 1111 saepius
1010 1067 1125 1101 animo
1153 1067 1347 1100 revolveret
1373 1068 1448 1101 a&a
1474 1068 1542 1101 diei
1569 1080 1663 1112 prae-

230 1143 393 1181 cedentis,
421 1147 457 1175 et
482 1142 590 1174 noeais
616 1142 828 1173 incurrentia
852 1139 983 1172 somnia
1012 1150 1230 1182 nequaquam
1257 1151 1345 1172 vana
1369 1138 1431 1173 fibi
1458 1141 1576 1179 videri,
1594 1141 1666 1185 gla-

231 1215 326 1247 dium
345 1214 471 1252 educit,
490 1225 529 1246 ac
555 1213 718 1246 sacellum
743 1224 787 1245 ex
805 1216 886 1245 voto
913 1211 1084 1255 Deiparae
1111 1211 1250 1256 Virgini
1276 1212 1312 1244 in
1337 1212 1463 1245 virenti
1488 1217 1588 1256 prato
1607 1214 1665 1246 de-

231 1286 351 1331 fignat.
394 1286 534 1319 Interea
552 1286 641 1319 faffm
658 1283 708 1318 est
725 1285 807 1324 dies,
822 1284 994 1328 multique
1013 1295 1056 1317 ex
1071 1283 1178 1328 Regis
1196 1283 1431 1323 familiaribus,
1450 1295 1530 1317 cum
1549 1284 1667 1318 Mora-

232 1361 282 1392 vis
300 1370 436 1402 quoque
449 1358 633 1397 nobilibus,
646 1358 705 1401 qui
723 1361 798 1390 tota
815 1357 915 1389 nocte
933 1357 1112 1389 dominum
1123 1355 1221 1389 suum
1236 1354 1393 1389 amissum
1410 1357 1666 1400 perquirebant,

232 1432 291 1464 illo
310 1431 447 1464 deducti
465 1430 554 1462 sunt.
607 1429 677 1462 Ubi
696 1428 765 1462 viso
784 1429 891 1473 Rege,
909 1426 1013 1473 gavisi
1032 1427 1112 1461 sunt
1130 1439 1199 1461 11011
1211 1429 1334 1467 minus,
1355 1440 1458 1472 quam
1476 1429 1511 1461 hi
1529 1428 1668 1463 consue-

233 1515 312 1537 vere
330 1503 388 1547 qui
406 1507 589 1546 parentum
608 1500 774 1534 desiderio
797 1500 986 1544 plurimum
1003 1498 1079 1544 post
1093 1500 1212 1544 longas
1230 1506 1266 1533 et
1284 1501 1464 1534 diuturnas
1482 1502 1669 1546 perigrina-

234 1577 346 1609 tiones
363 1576 555 1618 capiuntur.
607 1573 662 1606 Ex
689 1585 729 1606 eo
756 1573 831 1606 loco
858 1573 1024 1605 deductus
1048 1572 1098 1605 est
1116 1572 1195 1605 Rex
1220 1573 1341 1606 multis
1367 1574 1615 1608 comitantibus
1633 1576 1667 1607 111

234 1659 348 1681 arcem
365 1648 407 1680 de
426 1645 575 1685 Duffuss,
594 1650 630 1679 et
648 1645 718 1678 illic
736 1645 839 1689 paulo
857 1643 931 1688 post
949 1645 1041 1688 cepit
1059 1656 1137 1678 cum
1156 1645 1208 1678 his
1227 1656 1311 1688 quos
1324 1645 1446 1678 habuit
1461 1644 1670 1679 chariffimos

235 1721 277 1753 de
295 1717 372 1752 vifis
389 1718 482 1751 illius
508 1719 618 1751 noctis
644 1718 908 1750 communicare.
960 1716 1085 1759 Itaque
1111 1717 1242 1760 placuit
1268 1716 1343 1760 post
1360 1717 1481 1762 longos
1498 1716 1669 1752 sermones

235 1791 437 1826 architefflzos
452 1795 488 1823 et
506 1790 654 1823 latomos
680 1800 768 1832 pene
786 1789 986 1821 innumeros
1004 1789 1062 1832 qui
1080 1793 1165 1821 tunc
1182 1790 1285 1833 regiis
1302 1790 1552 1823 incumbebant
1565 1788 1669 1824 struc-

236 1865 322 1898 turis
335 1865 371 1896 in
386 1861 525 1896 diverfis
540 1863 623 1896 locis
638 1862 680 1895 ad
694 1861 728 1894 se
742 1872 875 1900 vocare,
890 1865 926 1894 et
940 1872 1050 1894 novae
1063 1861 1259 1894 fundationi
1271 1873 1291 1894 a
1302 1860 1483 1894 Killusche
1494 1862 1669 1905 proficere.

237 1937 339 1970 Cavit
364 1936 469 1969 etiam
492 1935 691 1979 prudenter,
710 1945 754 1966 ne
772 1944 825 1966 res
846 1930 1102 1977 impeditiffima
1120 1931 1235 1966 statim
1254 1933 1297 1966 ab
1315 1933 1414 1966 initio
1441 1932 1668 1971 frustraretur,

238 2020 298 2052 per
310 2007 405 2041 suam
418 2006 646 2051 praesentiam
662 2005 806 2039 excitari
820 2005 932 2038 altius.
960 2004 1084 2048 Itaque
1098 2008 1174 2037 tota
1185 2004 1244 2038 illa
1255 2002 1384 2038 aestate
1399 2005 1476 2038 Rex
1493 2004 1563 2049 ipse
1580 2008 1670 2050 apud

239 2091 351 2114 arcem
369 2091 388 2113 a
407 2077 546 2112 Duffuss
569 2089 683 2122 agens,
709 2078 790 2110 huic
816 2077 891 2110 loco
917 2075 951 2109 se
976 2076 1202 2110 architeffwm
1220 2077 1389 2120 praebuit.
1440 2077 1577 2110 Dehinc
1594 2090 1673 2111 avo—

239 2152 398 2186 cantibus
416 2150 641 2194 Reipublicae
658 2150 871 2194 gravioribus
888 2149 1047 2193 negotiis,
1063 2149 1155 2192 prius
1170 2159 1273 2192 quam
1290 2148 1563 2192 proficisceretur
1579 2151 1621 2183 ad
1639 2150 1672 2183 se

239 2225 356 2258 venire
368 2221 465 2266 juffit
480 2220 686 2255 industrium
704 2222 815 2254 virum
834 2220 1042 2253 monachum
1061 2232 1079 2253 e
1098 2221 1264 2253 coenobio
1282 2233 1302 2254 a
1323 2220 1465 2259 Melros,
1484 2232 1587 2263 quem
1606 2221 1672 2254 suis

241 2296 434 2330 architectis
449 2299 484 2327 et
497 2293 650 2338 surgenti
665 2292 879 2326 Monasterio
896 2292 1071 2336 praefecit.
1124 2292 1205 2325 Fuit
1220 2293 1257 2332 is,
1273 2291 1459 2325 Anselmns
1473 2294 1622 2333 nomine,
1637 2299 1672 2327 et
