1861 2786
268 265 310 294 58
728 259 967 292 HISTORIA
993 260 1241 293 ABBATUM

267 357 553 389 commentarium
579 355 768 387 mittamus.
820 355 862 387 In
890 354 1081 398 praesentia
1106 361 1223 388 tamen
1251 367 1320 388 non
1346 357 1503 399 ineptum
1524 356 1630 389 visum
1653 356 1703 390 est

267 426 454 465 confilium,
480 425 505 458 fi
531 431 669 459 tuorum
695 427 730 458 in
759 424 999 460 constituendo
1024 426 1231 460 monasterio
1249 439 1269 461 a
1286 427 1423 471 Kynlos
1448 428 1604 461 laborum
1626 433 1703 461 toto

266 505 327 532 tuo
345 497 498 537 decursu,
525 499 620 531 brevi
646 503 681 530 et
700 498 926 531 tumultuario
945 500 1149 542 compendio
1167 499 1421 533 immortalitati
1440 500 1624 542 (quantum
1641 511 1703 543 per

264 582 320 604 me
337 571 410 603 fieri
427 570 553 614 potest)
573 569 815 603 consecrarem.
861 570 1048 615 Indignum
1066 570 1145 604 sane
1163 572 1304 610 facinus,
1324 570 1347 604 fi
1366 573 1400 604 in
1419 577 1518 605 tanta
1534 572 1703 605 bonorum

266 642 453 675 studiorum
484 653 576 675 nunc
606 642 692 681 luce,
723 640 906 675 illustrium
933 644 1083 675 virorum
1113 641 1208 687 gesta
1244 648 1279 676 et
1309 644 1491 688 magnifiee
1521 644 1610 677 fafita
1642 655 1704 687 per

264 714 479 748 oscitantiam
498 714 737 747 obliterentur.
773 714 868 753 Quot
886 719 986 758 putat
1002 715 1083 747 olim
1099 714 1310 748 Reverentia
1324 719 1385 748 tua
1398 727 1467 748 non
1485 715 1593 748 solum
1612 717 1701 759 apud

265 791 411 825 exteros,
429 786 487 820 sed
513 787 618 819 etiam
637 787 673 818 in
692 785 810 819 scotia
828 787 917 818 viros
939 786 1164 830 percelebres,
1192 786 1377 831 episcopo&
1404 788 1557 827 abbates,
1580 793 1616 821 et
1640 789 1704 821 hu-

256 858 407 903 jusmodi
433 857 539 897 fuisse,
566 859 781 903 egregiorum
808 869 950 902 operum
969 859 1140 897 authores,
1168 870 1313 901 quorum
1332 861 1481 899 nomina,
1500 859 1703 904 scriptorum

261 932 397 976 ignavia
414 931 469 964 vel
495 931 610 974 potius
636 931 797 968 carentia,
825 930 1044 974 ignorantur!
1080 931 1263 964 Probabile
1281 929 1339 970 est,
1362 932 1426 964 hoo
1444 936 1544 965 tuum
1571 932 1704 966 monas-

262 1004 388 1036 terium
410 1003 452 1036 ab
470 1003 568 1035 initio
586 1014 648 1046 per
673 1007 726 1034 tot
753 1001 865 1035 secula
883 1013 962 1034 cum
988 1003 1174 1035 monachos
1192 1008 1268 1035 tum
1287 1004 1430 1036 abbates
1456 1003 1703 1038 laudatiffimos

261 1073 432 1108 liabuifl'e:
463 1079 499 1108 et·
517 1079 634 1107 tamen
652 1085 744 1107 nune
763 1075 819 1106 vix
839 1074 1003 1106 abbatum
1022 1072 1079 1106 sex
1098 1076 1238 1107 nomina
1255 1075 1322 1107 rite
1339 1076 1477 1108 tenetis
1525 1075 1637 1109 Tanta
1654 1076 1704 1109 est

263 1148 426 1191 temporis
444 1144 636 1179 viciflitudo
654 1151 695 1178 ut
712 1157 857 1189 magnae
876 1147 981 1178 etiam
1008 1146 1161 1179 locorum
1180 1145 1367 1180 structurae
1385 1159 1512 1180 nomen
1530 1146 1702 1181 clariffimi

261 1220 323 1252 viri
341 1220 376 1251 in
394 1219 525 1262 aliquot
551 1217 665 1251 secula
681 1218 833 1262 proferre
851 1229 920 1250 non
939 1218 1086 1250 valeant.
1137 1218 1306 1262 Tempore
1329 1218 1543 1263 sepeliuntur
1560 1221 1703 1264 imperia

261 1297 296 1324 et
314 1303 429 1335 regna,
454 1289 619 1323 immensa
636 1289 902 1334 propugnacula,
930 1290 1089 1322 civitates
1107 1288 1341 1333 amplissimae,
1369 1290 1538 1324 strufflmra
1553 1292 1702 1325 mirabili

261 1364 414 1396 excitata
431 1362 570 1406 templa,
590 1367 625 1395 et
643 1362 725 1405 quid
744 1362 836 1395 non?
889 1361 987 1394 Nihil
1007 1360 1056 1394 est
1074 1366 1145 1395 tam
1165 1361 1353 1406 operosum,
1372 1368 1412 1395 ut
1430 1368 1626 1407 temporum
1652 1365 1704 1397 in-

255 1436 348 1479 juria
372 1435 555 1478 aliquando
582 1445 651 1467 non
677 1434 846 1467 concidat.
911 1433 1032 1466 Solum
1057 1434 1234 1467 literarum
1261 1435 1469 1468 beneficium
1496 1437 1545 1469 ita
1570 1438 1605 1469 in
1630 1435 1704 1480 pos-

260 1514 352 1540 teros
370 1507 547 1551 propagari
566 1504 686 1549 potest,
714 1510 754 1538 ut
779 1517 967 1548 nunquam,
993 1517 1080 1549 quae
1106 1505 1185 1539 sunt
1203 1506 1347 1550 alicujus
1364 1508 1543 1546 momenti,
1562 1512 1703 1541 aeterna

260 1580 433 1613 oblivione
450 1579 696 1622 opprimantur.
749 1577 889 1617 Quanta
906 1576 1020 1610 statim
1039 1579 1082 1611 ab
1100 1579 1181 1611 orbe
1208 1579 1348 1611 condito
1374 1591 1436 1623 per
1464 1591 1602 1613 omnem
1620 1592 1704 1625 gen-

260 1657 332 1685 tem
350 1651 532 1695 magnifice
549 1649 644 1695 gesta
661 1654 839 1683 tenemus:
867 1661 963 1693 quae,
979 1648 1050 1683 fine
1068 1650 1186 1689 literis,
1206 1652 1422 1695 ignoratione
1439 1656 1607 1695 perpetua
1624 1664 1704 1686 con-

259 1722 484 1767 tegerentur?
537 1722 673 1760 Literis,
701 1726 801 1754 vetus
822 1733 862 1754 ac
887 1732 977 1754 nova
1002 1721 1194 1753 divinarum
1222 1732 1336 1754 rerum
1362 1721 1502 1754 historia
1526 1723 1706 1767 invulgata

261 1794 319 1833 est,
339 1793 546 1828 constitutae
563 1792 775 1837 respublicae
789 1797 825 1827 et
839 1792 1026 1837 multiplex
1044 1791 1278 1837 religiosorum
1297 1793 1476 1826 hominum
1495 1792 1701 1828 institutum.

262 1867 348 1906 Quis
362 1878 431 1899 non
449 1868 593 1899 miretur
611 1867 680 1899 divi
698 1865 904 1909 Hieronymi
922 1866 984 1904 tui,
1004 1870 1039 1898 et
1058 1869 1272 1898 caeterorum
1290 1869 1427 1909 patrum
1442 1866 1539 1899 acta?
1573 1866 1624 1900 At
1638 1867 1702 1900 hoc

260 1938 369 1982 ipsum
394 1937 465 1971 fine
491 1938 599 1971 literis
625 1936 790 1980 nusquam
817 1936 999 1970 constaret.
1051 1936 1133 1969 Non
1160 1941 1298 1970 tantum
1324 1938 1430 1981 igitur
1456 1938 1616 1977 humana,
1644 1938 1702 1972 sed

261 2012 377 2044 divina
410 2021 555 2053 quoque,
590 2021 634 2042 ne
668 2009 804 2052 quando
838 2009 1019 2052 perfluant,
1056 2009 1232 2041 literarum
1267 2009 1434 2042 beneficio
1468 2011 1701 2043 continentur.

262 2083 339 2116 Hac
353 2083 485 2115 ratione
502 2086 680 2125 permotus
698 2093 772 2126 ego,
791 2082 827 2114 in
845 2086 926 2114 tuae
945 2081 1083 2113 virtutis
1101 2081 1438 2114 commendationem
1457 2093 1633 2125 nunquam
1652 2084 1703 2115 in-

261 2155 518 2188 termorituram
544 2153 625 2186 huic
654 2153 813 2197 perbrevi
841 2153 1089 2186 commentario
1115 2163 1257 2185 manum
1283 2153 1430 2186 admovi.
1483 2153 1585 2192 Quod
1604 2152 1627 2186 fi
1653 2153 1703 2187 est

260 2225 464 2270 hujusmodi,
491 2229 530 2257 ut
557 2229 707 2258 aetatem
725 2225 884 2268 perferre,
914 2228 949 2257 et
967 2224 1183 2257 literatorum
1196 2225 1328 2267 judicia
1346 2223 1466 2268 poffit;
1494 2226 1528 2258 in
1546 2237 1704 2260 meorum

262 2298 438 2331 cumulum
452 2298 629 2333 bonorum,
643 2301 677 2329 et
691 2297 779 2329 hane
794 2297 921 2340 ingenii
936 2297 1197 2339 praecipitatem
1211 2297 1378 2329 foeturam
1392 2297 1703 2332 adnumeraverim:
