1861 2786
291 495 663 558 [HISTORIA
703 496 1052 542 ABBATUM
1098 495 1551 542 MONASTERH

687 619 784 663 DE
828 618 1157 682 KYNLOS.]

244 782 368 815 DAvm
387 784 589 815 ScoTORUM
610 792 682 815 xm.
712 782 799 820 Rex,
820 783 870 814 vir
889 782 991 825 plane
1010 783 1157 820 divinus,
1185 783 1276 814 inter
1294 782 1360 814 alia
1378 782 1542 825 pleraque
1564 781 1643 814 suae

195 853 500 887 administrationis
518 855 743 893 monimenta,
759 854 896 887 oraculo
915 855 1065 897 primum
1079 865 1140 897 per
1153 853 1321 887 somnium
1341 855 1548 893 admonitus,
1564 855 1644 886 dein

194 927 376 960 columbae
402 928 524 959 niveae
543 926 661 959 volatu
680 927 830 965 edoehis,
858 928 893 959 in
912 927 1172 959 venerationem
1198 925 1428 970 pientissimae
1454 927 1582 960 Matris
1609 932 1644 960 et

196 999 351 1043 Virginis
369 998 514 1037 Mariae,
542 1000 770 1033 fundamenta
796 1001 894 1043 ponit
913 998 1117 1032 Monasterii
1137 1011 1156 1032 a
1174 998 1207 1032 K
1212 1000 1320 1043 ynlo&
1344 998 1579 1033 cistercienfis
1597 1000 1645 1032 fa—

194 1072 319 1110 miliae,
338 1083 428 1105 anno
448 1071 590 1104 Domini
614 1074 714 1104 1141.

243 1144 319 1177 Rex
345 1145 400 1177 hic
427 1149 539 1176 morte
566 1149 774 1187 praeventus
800 1145 886 1177 nihil
913 1150 1092 1188 praeterea
1118 1145 1268 1178 contulit
1297 1143 1508 1178 Monasterio
1540 1156 1643 1188 quam

197 1217 378 1250 Baroniam
397 1229 417 1249 a
435 1216 571 1260 Kynlos
597 1215 712 1249 statim
739 1217 782 1250 ab
808 1218 907 1250 initio
935 1218 1167 1251 fundationis:
1196 1218 1348 1251 &moturus
1367 1223 1462 1251 certe
1480 1224 1554 1251 erat
1573 1230 1643 1251 ma-

187 1292 263 1332 jora
281 1290 307 1323 fi
325 1288 571 1335 supervixifl'et.

242 1364 340 1402 Quae
358 1367 495 1406 praeter
516 1363 600 1396 haec·
628 1375 719 1395 nuno
746 1360 891 1407 poffidet
910 1361 1162 1396 Monasterium
1190 1361 1400 1396 accesserunt
1427 1364 1643 1407 benignitate

193 1435 473 1479 subsequentium
501 1436 636 1480 Regum
666 1441 702 1469 et
727 1436 862 1479 piorum
889 1436 1079 1474 hominum,
1107 1434 1247 1469 diversis
1274 1442 1391 1469 tamen
1418 1437 1641 1479 temporibuffi

194 1516 231 1542 ut
251 1508 488 1554 consignatum
508 1507 557 1542 est
575 1521 594 1542 a
612 1509 710 1542 nobis
728 1507 796 1541 suis
815 1509 907 1542 locis.

427 1725 624 1770 [DOMINUS
642 1723 873 1768 ANSELMUS,]
895 1724 1040 1757 PRIMUS
1059 1724 1183 1758 ABBAS
1201 1736 1222 1758 A
1241 1725 1407 1759 KYNLos.

242 1869 300 1902 Ad
318 1869 418 1912 hujus
438 1867 641 1902 Monasterii
660 1867 1004 1907 administrationem,
1020 1869 1212 1902 fundatoris
1228 1870 1333 1914 Regis
1347 1869 1468 1909 studio,
1488 1873 1636 1915 primum

193 1943 353 1975 admotus
371 1940 421 1974 est
439 1943 490 1974 vir
507 1942 640 1985 pietate
662 1940 802 1985 insignis
822 1941 994 1974 Dominus
1013 1940 1199 1974 Anselmus
1224 1944 1355 1986 primus
1381 1944 1485 1977 abbas
1503 1956 1523 1978 a
1540 1944 1639 1988 Kyn-

195 2015 253 2051 los,
276 2026 366 2047 anno
386 2013 528 2047 Domini
550 2017 650 2052 1141,
678 2015 735 2057 qui
764 2012 838 2057 post
864 2014 996 2056 aliquot
1022 2025 1129 2047 annos
1155 2013 1235 2047 suae
1261 2015 1573 2056 administrationis,
1601 2022 1636 2050 et

193 2088 346 2120 muneris
364 2088 429 2119 rite
447 2087 626 2130 perfunffi,
646 2087 731 2119 obiit
749 2098 839 2119 anno
859 2086 1000 2118 Domini
1024 2090 1123 2125 1157,
1143 2087 1204 2120 eal.
1225 2087 1357 2121 Martii.

242 2161 333 2192 sunt
363 2160 421 2202 qui
452 2159 603 2191 referant
633 2159 724 2191 hunc
751 2157 958 2191 Anselmum
990 2157 1086 2192 fuisse
1117 2171 1161 2192 ex
1191 2159 1380 2204 Hybernia,
1411 2172 1513 2205 quam
1544 2174 1635 2195 nunc

196 2231 382 2265 Irlandiam
402 2235 547 2269 vocant3
578 2241 598 2264 a
616 2242 683 2274 quo
702 2235 821 2263 tamen
846 2230 1011 2274 prodierit
1038 2229 1251 2265 Monasterio
1269 2233 1455 2277 hybernico
1481 2232 1530 2267 est
1556 2246 1635 2267 con-

195 2302 394 2337 troversum.
448 2303 531 2336 Non
558 2302 682 2337 desunt
708 2304 765 2346 qui
796 2303 995 2347 praedicent
1023 2315 1042 2337 e
1070 2305 1235 2338 coenobio
1267 2305 1432 2340 Fontanis
1462 2307 1529 2340 huc·
1559 2318 1634 2350 pro-
