1861 2786
217 257 259 287 40
672 250 911 284 HISTORIA
940 249 1189 283 ABBATUM

216 359 327 381 mores
357 346 547 391 agnoscere,
578 346 694 379 addidi
719 357 775 378 me
803 345 885 377 Mri.
917 345 1062 378 Roberti
1094 345 1184 378 Reid
1210 346 1400 384 comitatui,
1433 346 1654 379 conciliatore

218 422 290 458 viz„
327 420 398 452 viro
427 418 521 451 scoto
552 418 706 450 Roberto
741 417 960 455 Richardino‚
996 418 1053 460 qui
1088 416 1248 462 exegefin
1282 418 1318 450 in
1353 417 1435 450 Divi
1468 416 1654 462 Augustini

217 492 370 536 regulam
404 487 610 533 conscripsit.
677 489 744 522 His
778 490 894 532 itaque
928 488 1084 532 auspiciis
1111 490 1147 522 in
1173 489 1326 522 Scotiam
1361 490 1467 528 veni;
1517 488 1575 522 sed
1613 490 1655 521 de

218 564 315 596 nobis
345 562 448 606 paulo
473 562 625 595 inferius.
678 561 783 594 Nunc
814 562 856 594 ad
888 561 940 593 M.
968 561 1162 594 Robertum
1193 561 1283 594 Reid
1312 562 1566 605 properandum
1596 559 1654 594 est.

219 635 364 669 Solvens
392 634 536 667 Lutetia
560 638 725 677 patronus
746 633 819 676 jam
845 631 960 665 noster
984 632 1087 676 paulo
1113 630 1188 676 post
1211 631 1334 676 pascha
1360 633 1532 676 Dieppam
1549 634 1655 671 venit,

217 708 284 745 ubi,
312 703 498 739 transmisso
517 706 559 738 ad
578 705 711 749 Reyam
733 705 828 743 mari,
856 703 1055 736 Londinum
1081 704 1253 747 profe&us
1280 703 1339 743 est,
1367 716 1405 737 ac
1433 705 1595 748 deinceps
1621 706 1655 737 in

218 779 371 812 scotiam
398 782 433 810 et
459 778 495 810 in
521 776 668 821 Kynlos.
734 776 807 809 Sub
841 780 1058 814 autumnum,
1093 773 1289 819 compositis
1320 787 1398 809 cum
1425 774 1656 820 precedeffore

218 850 284 883 suis
310 850 423 888 rebus,
450 861 494 882 ex
518 848 654 892 Kynlos
682 848 922 892 Edinburgum
948 848 1059 885 rediit,
1087 852 1123 880 et
1150 848 1219 881 illic
1250 849 1342 892 apud
1368 849 1517 881 minores
1535 849 1657 881 fratres

219 922 349 954 domini
376 921 502 954 Gavini
529 920 687 953 Dumbar
711 919 991 953 Aberdoniarum
1017 919 1181 963 praesulis
1210 919 1399 953 ministerio
1430 921 1465 953 in
1495 921 1655 954 abbatem

220 994 380 1026 inunfitus
399 991 458 1025 est.
510 991 600 1029 Post,
620 992 754 1024 rediens
781 992 823 1024 ad
849 990 1104 1030 monasterium,
1132 1003 1175 1024 cx
1201 1003 1296 1025 more
1313 991 1381 1031 suo,
1408 997 1582 1025 conventu
1608 992 1657 1026 est

221 1069 397 1107 exceptuS,
432 1068 468 1097 et
498 1065 533 1096 in
563 1064 755 1107 capitulum
784 1062 954 1101 admilffis,
989 1069 1028 1096 ut
1062 1064 1111 1102 fit,
1147 1065 1302 1096 omnium
1337 1069 1475 1107 patrum
1511 1076 1591 1109 erga
1624 1064 1658 1097 se

221 1138 455 1170 obedientiam
469 1136 623 1180 suscepit.
668 1136 804 1169 Deinde
818 1136 927 1174 litem,
942 1136 1112 1178 majorum
1127 1134 1308 1168 oscitantia
1321 1136 1480 1169 adversus
1495 1136 1659 1169 Forenses

222 1221 309 1253 pene
339 1210 537 1247 extinfitaim
568 1209 610 1241 de
641 1208 787 1251 quadam
818 1205 1016 1250 poffeffione
1041 1218 1061 1239 a
1086 1206 1250 1251 Burgyne
1280 1208 1455 1247 excitavit,
1486 1220 1525 1241 ac
1553 1209 1657 1241 etiam

222 1283 314 1320 vicit,
345 1292 424 1314 cum
450 1279 529 1324 ipfis
556 1279 780 1319 Forenfibus3
823 1280 858 1312 in
888 1290 955 1322 qua
989 1279 1149 1317 obtinuit,
1185 1280 1277 1312 168ιο
1304 1280 1447 1323 judicie,
1482 1281 1565 1314 (luas
1599 1280 1657 1313 suo

223 1352 427 1387 monasterio
462 1353 611 1396 cymbas.
674 1352 818 1385 Curavit
848 1352 953 1384 etiam
983 1362 1044 1394 per
1073 1351 1190 1384 literas
1219 1353 1329 1396 regias
1354 1364 1481 1396 pagum
1511 1352 1609 1385 suum
1639 1364 1659 1385 a

225 1426 397 1459 Finderne
428 1426 462 1457 in
492 1424 668 1457 baroniam
698 1424 846 1468 burgum
874 1422 933 1465 (fic
960 1422 1062 1468 vulgo
1088 1423 1291 1467 loquuntur)
1321 1425 1483 1467 cooptari.
1536 1424 1659 1468 Nuper

224 1508 360 1541 quoque
385 1497 578 1539 portionem
602 1494 829 1538 piscationum
846 1495 948 1527 unius
966 1495 1108 1538 cymbae
1126 1506 1229 1538 quam
1248 1496 1463 1539 occupabant
1482 1495 1656 1535 Forenses‚

225 1572 451 1602 annumerata
480 1568 635 1611 operanti
667 1567 813 1610 quadam
843 1567 999 1610 pecunia,
1030 1567 1186 1600 redemit.
1254 1567 1327 1600 Sub
1357 1579 1487 1601 annum
1516 1567 1657 1601 Domini

230 1644 318 1674 1530
342 1640 475 1683 accepit
493 1640 529 1672 in
547 1639 787 1672 commendam
813 1637 1057 1671 monasterium
1076 1638 1218 1678 Belloci,
1237 1640 1273 1672 in
1291 1651 1358 1682 quo
1376 1640 1487 1673 multa
1504 1641 1658 1683 quotidie

227 1713 331 1756 digna
347 1710 547 1755 posteritate
573 1711 665 1744 facit.
717 1710 800 1743 Ibus
826 1711 890 1743 hoc
916 1722 1005 1743 anno
1028 1714 1119 1747 1537
1145 1710 1289 1755 suscepit
1309 1712 1455 1755 juvenes
1481 1713 1516 1745 in
1542 1724 1659 1745 mona-

226 1784 366 1816 chatum
392 1784 553 1826 quinque,
580 1794 664 1825 quos
690 1782 816 1825 adjecit
842 1783 975 1815 duobus
993 1782 1067 1815 aliis
1093 1783 1196 1826 paulo
1214 1787 1295 1816 ante
1320 1795 1341 1816 a
1365 1782 1398 1816 se
1423 1785 1590 1827 receptis;
1620 1796 1659 1817 ac

228 1855 336 1887 indies
361 1859 458 1898 parat
484 1854 613 1897 lapides
639 1854 681 1886 ad
707 1854 829 1897 templi
856 1854 928 1897 ejus
954 1854 1019 1887 loci
1046 1854 1162 1898 (quem
1189 1860 1313 1888 vocant
1343 1857 1480 1900 navem)
1508 1855 1660 1889 constru-

229 1927 362 1959 endam.
413 1926 486 1959 Sub
512 1937 641 1959 annum
668 1930 785 1958 autem
817 1926 957 1959 Domini
988 1930 1088 1966 1533,
1124 1926 1238 1960 missus
1269 1926 1318 1961 est
1347 1929 1390 1961 ab
1419 1940 1499 1973 rege
1528 1929 1658 1962 Jacobo

228 1998 300 2040 ejus
318 1998 465 2030 nominis
495 1998 615 2040 quinto
640 2009 710 2030 una
734 2008 813 2030 cum
837 1997 1114 2031 Aberdoniarum
1139 1999 1293 2043 praesule
1320 2001 1457 2033 domino
1484 2001 1659 2034 Gulielmo

231 2068 361 2107 Stuart,
388 2069 522 2112 legatus
549 2070 591 2102 ad
621 2068 812 2102 Henricum
839 2070 912 2112 ejus
938 2071 1086 2103 nominis
1112 2072 1269 2104 ostavum
1295 2071 1489 2117 Anglorum
1516 2073 1658 2117 Regem,

230 2151 290 2184 pro
315 2151 398 2183 pace
424 2141 573 2173 ineunda
597 2141 689 2174 inter
705 2140 827 2174 Scotos
845 2146 880 2174 et
898 2142 1053 2186 Anglos;
1082 2144 1295 2186 quodetiam
1319 2145 1480 2177 obtinuit.
1531 2144 1660 2177 Rursus

232 2211 321 2244 solus
339 2212 381 2244 ad
400 2212 547 2244 cundem
565 2223 681 2256 regem
700 2211 825 2251 missus,
844 2212 1108 2257 auspicaciffime
1125 2226 1252 2248 munus
1265 2215 1363 2248 suum
1380 2218 1522 2261 peregit.
1574 2216 1661 2249 Inde

233 2282 336 2317 semel
355 2288 457 2326 atque
478 2284 604 2317 iterum
630 2285 673 2317 ab
699 2284 851 2318 Henrico
878 2297 956 2330 rege
982 2286 1101 2320 multis
1127 2286 1212 2320 vasis
1238 2289 1408 2332 argenteis
1436 2289 1591 2325 donatus,
1618 2289 1659 2321 ad
