1861 2786
629 292 948 326 MONASTERII
975 292 1009 326 A
1038 292 1256 326 KYNLOS.
1646 297 1664 327 9

226 394 327 431 putes
345 387 411 422 effe
429 398 532 432 quam
557 388 733 421 homines:
761 389 885 431 quibus
911 400 981 421 non
1008 390 1155 433 contigit.
1181 388 1366 432 aliquando
1393 389 1429 420 in
1454 386 1602 421 historiis·
1629 393 1664 420 ct

228 459 407 494 vetustatis
424 460 610 505 multijuga
627 461 827 504 cognitione
846 459 979 494 versari.

273 532 466 576 Eapropter
483 543 556 576 ege,
572 531 760 565 Mecaenas
774 533 915 576 optime,
934 537 973 565 ut
991 534 1051 576 qui
1069 543 1232 576 cuperem
1247 534 1311 566 tibi
1327 538 1362 566 et
1381 531 1574 577 posteritati
1592 544 1663 565 rem

223 610 356 647 gratam
387 604 524 638 facere:
552 607 683 647 quanta
707 605 806 649 potui
831 605 938 638 animi
963 603 1102 639 solertia
1135 603 1317 649 perquifivi
1345 606 1448 649 hujus
1474 606 1539 638 loci
1566 607 1617 638 tui
1647 617 1665 637 a

227 676 360 720 Kynlos
377 677 594 710 monimenta
612 687 769 720 quaeque
788 681 915 716 vetera,
935 681 970 710 et
988 678 1023 710 in
1050 689 1156 710 unum
1185 689 1309 721 corpus
1328 678 1512 721 (quantum
1530 689 1591 722 per
1608 689 1664 710 me

225 760 316 782 nunc
335 749 408 782 fieri
427 749 540 793 licuit)
559 750 686 793 redegi.
738 749 905 789 Quamvis
919 749 1112 783 obscuriora
1129 747 1196 783 fint
1212 750 1334 788 multa,
1350 755 1390 783 ut
1403 751 1536 784 nullam
1551 751 1664 784 lucem

224 832 376 864 unquam
394 825 576 865 receptura
592 833 654 865 per
678 822 848 865 majorum
875 821 1092 855 oscitantiam
1118 823 1312 861 videantur,
1331 834 1401 856 non
1427 828 1546 856 tamen
1565 822 1666 856 desti-

224 895 329 926 timus
353 893 482 937 aliquid
509 894 698 927 verioribus
716 894 920 938 conjefflmris
946 895 982 927 in
1008 895 1162 927 medium
1193 896 1391 939 producere,
1418 907 1462 929 ne
1491 897 1580 929 forte
1605 896 1665 929 ali-

223 966 487 1011 quandossomnia
504 967 737 1000 diuturnitate
754 966 995 1000 obliterentur.
1047 966 1102 1000 Ac
1121 967 1195 1000 fieri
1213 966 1326 1011 potest
1340 979 1384 1001 ex
1403 967 1475 1001 istis
1489 970 1606 1005 initiis,
1626 974 1665 1001 ut

223 1036 411 1081 posteritas,
430 1040 530 1072 nacta
548 1044 707 1073 veterum
723 1039 788 1073 hac
806 1040 849 1073 de
866 1051 903 1073 re
920 1039 1046 1084 scripta
1071 1039 1199 1073 alicubi
1225 1040 1475 1080 delitescentia,
1503 1053 1627 1075 novam
1647 1053 1667 1074 a

223 1112 335 1155 capite
356 1112 462 1155 (quod
480 1112 547 1145 dici
565 1110 664 1155 solet)
684 1112 727 1146 ad
744 1111 850 1156 pedes
876 1123 991 1145 rerum
1010 1114 1046 1145 in
1073 1113 1136 1146 hoc
1164 1112 1379 1146 Monasterio
1406 1120 1468 1146 tuo
1493 1112 1666 1158 gestarum

223 1188 387 1217 contexat
402 1182 601 1217 Historiam.
654 1184 802 1223 Interea,
817 1185 898 1217 dum
913 1184 999 1217 nihil
1014 1185 1138 1218 melius
1156 1184 1332 1223 succurrit,
1351 1190 1451 1218 utere
1469 1186 1533 1219 hoc
1552 1184 1665 1218 nostro

222 1258 256 1288 in
274 1254 422 1289 historiis
447 1267 467 1289 a
492 1255 630 1300 Kynlos
656 1256 885 1290 tumultuario
912 1257 1127 1301 compendio,
1180 1257 1226 1290 Et
1252 1269 1358 1302 perge
1384 1258 1528 1291 meliora
1554 1257 1666 1291 studia

224 1329 328 1371 (quod
347 1329 453 1361 etiam
472 1328 569 1372 facis)
585 1339 664 1362 cum
683 1328 866 1373 Religione
885 1330 1105 1374 conjungere,
1121 1334 1161 1362 ut
1179 1328 1279 1362 simul
1294 1329 1509 1364 coalescant:
1529 1336 1666 1374 accept-

223 1412 303 1434 urus
321 1400 506 1444 aliquando
532 1412 593 1445 pro
611 1399 683 1434 istis
709 1402 778 1434 tuis
797 1402 834 1434 in
853 1402 1027 1434 tantulam
1054 1402 1321 1445 Rempublicam
1349 1403 1534 1436 cumulatis
1560 1404 1666 1436 bene—

222 1474 306 1506 ficiis
324 1477 360 1506 et
378 1472 506 1511 officiis,
530 1484 550 1506 a
572 1474 722 1517 gratiore
739 1472 941 1517 posteritate
964 1474 1074 1507 laudis
1100 1475 1292 1518 praeconia,
1321 1480 1357 1507 et
1382 1487 1402 1508 a
1429 1475 1505 1508 Deo
1532 1477 1664 1519 optimo

221 1546 374 1578 maximo
399 1556 460 1590 pro
491 1550 553 1579 tua
586 1557 667 1590 erga
695 1546 853 1579 homines
889 1547 1031 1590 pietate,
1063 1548 1296 1581 immortalem
1325 1548 1455 1593 gloriae
1490 1560 1663 1582 coronam.

221 1617 319 1651 Bene
337 1617 422 1657 vale,
443 1617 631 1652 Mecaenas
649 1616 896 1658 studiofiffime,
916 1624 952 1652 et
970 1618 993 1652 J
996 1630 1144 1653 oannem
1162 1620 1227 1653 tibi
1246 1618 1494 1654 deditiffimum
1513 1626 1552 1654 ut
1571 1627 1665 1655 amat

221 1690 459 1734 complectere.
510 1691 618 1735 Apud
637 1690 774 1734 Kynlos
791 1694 903 1729 tuum,
923 1691 986 1725 cal.
1006 1691 1118 1735 April.
1141 1695 1241 1728 1537.
