1861 2786
238 263 280 292 98
691 258 930 293 HISTORIA
956 258 1205 293 ABBATUM

240 354 450 393 Hebnisden‚
482 366 560 387 cum
590 355 750 388 omnibus
784 354 851 387 suis
886 366 969 398 quas
1000 360 1125 388 vocant
1158 355 1400 399 pertinentiis3
1435 356 1526 398 apud
1556 355 1670 400 Elgyn

238 428 298 459 xxi
325 428 379 460 die
405 424 530 459 menfis
556 425 645 459 Maii
671 437 761 459 anno
789 426 931 459 Domini
952 428 1052 466 1369,
1079 427 1141 460 sub
1167 427 1370 462 Alexandro
1397 426 1566 472 Episcopo
1594 429 1672 462 Mo-

238 497 390 531 ravienfi.
442 498 510 531 Hic
535 498 630 531 locus
648 499 683 531 in
702 498 948 531 Sutherlandia
973 504 1162 543 occupatur
1187 505 1269 533 ante
1295 499 1548 543 complusculos
1565 512 1672 534 annos

238 572 415 614 tyrannice
433 581 558 614 magno
576 582 655 603 cum
670 570 873 603 Monasterii
892 582 911 604 a
925 570 1061 614 Kynlos
1080 572 1216 605 damno.
1268 571 1355 615 Spes
1371 570 1429 611 est,
1445 577 1484 605 ut
1500 572 1674 605 Robertus

240 642 328 674 Reid
346 642 466 675 Abbas
485 643 600 675 omnia
622 641 791 680 restituat,
819 653 888 674 11011
906 642 1015 675 solum
1042 644 1254 676 authoritate
1272 655 1340 686 qua
1356 644 1543 687 plurimum
1562 643 1673 687 potest

238 714 328 756 apud
347 713 479 758 Regem
506 713 689 747 Scotorum
707 714 878 748 Jacobum
906 715 978 758 ejus
1004 716 1152 748 nominis
1174 715 1356 755 Quintum,
1383 715 1442 749 sed
1464 717 1570 749 etiam
1596 728 1675 760 pru-

239 786 356 818 dentia
381 790 417 818 et
443 787 618 829 aequitate
643 787 796 819 maxima
821 797 888 829 qua
914 785 1104 831 insignitur.
1158 787 1231 821 Sub
1256 788 1321 821 hoc
1340 787 1482 821 Abbate
1502 788 1673 821 Richardo

239 858 401 890 vixerunt
430 858 590 891 monachi
621 858 752 901 aliquot
786 858 1024 902 percelebres3
1060 859 1175 892 Adam
1207 860 1249 892 de
1277 859 1392 898 Teras,
1422 858 1540 904 postea
1569 861 1673 894 abbas

239 936 273 961 et
299 928 470 968 success'or,
498 929 612 962 David
639 929 784 968 Forress,
813 930 993 964 WValterus
1024 931 1067 963 de
1098 931 1214 975 Spine,
1247 936 1283 964 et
1313 931 1472 964 dominus
1504 932 1673 965 Patricius

239 1001 346 1040 Prior,
373 1003 430 1044 qui
458 1003 651 1045 imperante
669 1002 842 1035 Richardo
868 1003 1005 1041 abbate,
1030 1003 1201 1046 profectus
1227 1002 1277 1036 est
1307 1004 1351 1037 ad
1377 1003 1577 1047 Capitulum
1605 1004 1675 1037 Ge·

239 1074 354 1106 nerale
381 1072 541 1111 Cistertii,
573 1079 608 1106 et
635 1073 783 1107 Romam
808 1074 859 1107 bis
886 1075 921 1107 111
949 1075 1174 1108 contentione
1204 1075 1278 1118 ejus
1304 1080 1416 1108 terrae
1442 1087 1544 1118 quam
1571 1075 1675 1119 vulgo

238 1146 408 1189 Tapetum
427 1146 586 1179 monachi
605 1146 735 1179 dicunt.

462 1300 638 1333 DOMINUS
656 1300 771 1333 ADAM
792 1310 838 1333 DE
856 1300 985 1338 TERAS,
1005 1300 1129 1334 ABBAS
1147 1312 1168 1333 A
1187 1300 1344 1335 KYNLos
1362 1301 1447 1335 XV.

622 1372 721 1405 Obiit
742 1373 827 1416 prid.
848 1372 941 1405 Non.
960 1372 1057 1405 Junii
1076 1372 1168 1405 A.D.
1192 1376 1292 1406 1401.

289 1503 324 1536 Is
342 1505 473 1537 curavit
488 1503 647 1537 solarium
666 1504 700 1537 S.
716 1504 836 1537 Crucis
850 1508 885 1537 et
899 1503 1141 1548 presbiterium
1157 1504 1263 1547 (quod
1279 1505 1439 1548 vocant);
1466 1510 1550 1548 puto
1569 1506 1673 1539 etiam

242 1588 261 1608 a
286 1573 508 1608 fimilitudine
534 1574 724 1619 presbiterii
751 1574 892 1619 posuisse
919 1583 1074 1609 veterem
1100 1577 1243 1610 chorum
1270 1588 1373 1620 quem
1400 1588 1510 1621 nuper
1526 1578 1674 1611 Thomas

243 1647 362 1681 Abbas
377 1648 563 1681 demolitus
578 1647 637 1686 est,
650 1646 842 1691 subjicienS‚
862 1648 954 1681 illius
968 1649 1052 1687 loco,
1068 1660 1197 1681 novum
1213 1653 1248 1682 et
1261 1648 1516 1692 perpulchrum.
1569 1649 1675 1682 Fama

243 1718 371 1752 estimo
385 1718 608 1753 certiffimnm
621 1720 713 1752 hunc
727 1719 914 1759 Adamum,
934 1719 1114 1753 oscitantia
1127 1719 1240 1754 nescio
1255 1732 1330 1764 qua,
1350 1719 1530 1764 perdidifi'e
1547 1722 1673 1755 bonam

244 1796 376 1835 partem
394 1793 472 1836 pagi
491 1793 533 1825 de
546 1792 659 1831 Teras,
679 1803 781 1835 quam
799 1803 891 1824 nunc
909 1792 1014 1825 habet
1034 1792 1212 1825 Moraviae
1231 1792 1365 1826 Comes.
1417 1792 1532 1836 Hujus
1547 1793 1674 1827 Adami

244 1863 310 1896 0113
330 1865 449 1907 jacent
474 1863 536 1896 sub
562 1864 675 1908 lapide
705 1862 835 1907 signato
864 1868 945 1896 ante
974 1862 1225 1907 presbiterium.
1277 1864 1405 1897 Adami
1436 1866 1542 1898 etiam
1572 1876 1675 1908 opera

244 1933 417 1968 exstructa
434 1934 484 1968 est
501 1936 578 1969 aula
596 1936 730 1969 abbatis
748 1946 835 1978 quae
853 1946 945 1968 nunc
963 1934 1092 1968 visitur.
1144 1935 1285 1968 Invexit
1309 1940 1345 1969 et
1370 1937 1591 1980 pontificalia,
1617 1938 1675 1971 sed

244 2012 362 2039 tamen
387 2006 448 2039 sub
475 2007 644 2040 Pontifice
670 2005 859 2040 scismatico
885 2006 1076 2039 Benedfflm
1103 2017 1186 2039 XIII.
1213 2018 1303 2040 anno
1332 2009 1554 2051 pontificatus
1584 2009 1675 2043 illius

246 2079 355 2120 primo
385 2079 406 2110 i.
433 2090 462 2111 e.
488 2077 581 2111 A.D.
611 2081 711 2117 1391,
739 2078 818 2111 data
843 2077 1026 2110 Avenione
1059 2081 1078 2113 9
1110 2077 1190 2111 Kal.
1218 2077 1386 2111 Octobris.
1438 2079 1491 2112 Eo
1520 2084 1676 2124 tempore

251 2150 334 2182 vixit
362 2150 521 2182 (lominus
549 2149 744 2182 Gulielmus
774 2149 816 2182 de
847 2149 963 2193 Spine‚
994 2149 1182 2183 monachus
1209 2161 1425 2194 nequaquam
1451 2156 1676 2186 contemnen-

248 2222 319 2253 dus.
372 2221 543 2254 Referunt
573 2221 664 2253 hunc
694 2220 871 2254 Adamum
898 2232 1019 2264 parum
1045 2221 1170 2265 pudice
1195 2220 1390 2267 transegisse
1416 2224 1524 2257 vitam
1551 2229 1590 2257 ut
1616 2226 1672 2268 qui

248 2305 290 2327 ex
317 2294 549 2327 concubinatu
575 2292 687 2336 proles
712 2292 844 2335 aliquot
869 2290 1052 2325 sustulerit.
