1861 2786
591 271 910 305 MONASTERII
936 270 971 304 A
999 270 1216 304 KYNLOS.
1582 274 1623 305 7⁵

184 368 288 400 Anno
315 372 493 411 praeterea
510 378 530 400 a
549 378 648 400 verae
669 367 809 411 pictatis
836 367 936 399 initio
962 365 1144 399 millcfimo
1171 363 1447 410 quingente-fimo
1466 362 1625 398 vicefimo

183 451 284 478 nono,
296 441 331 473 in
344 440 496 473 exhedra
509 439 757 472 monachorum
770 439 805 471 in
816 439 948 482 templo
962 438 1059 479 (trito
1072 438 1152 472 satis
1165 439 1306 471 nominc
1320 438 1463 470 chorum
1476 440 1625 479 vocant).

182 511 340 545 subsellia
356 511 484 545 affabre
501 510 634 555 sculpta
652 522 731 544 cum
754 509 864 543 hostio
882 509 1003 554 posuit,
1023 515 1058 543 et
1081 512 1245 554 utrinque
1262 509 1481 543 sacratiorem
1504 509 1623 553 templi

183 589 317 626 partem
336 583 498 616 cancellis
516 584 559 616 ad
577 583 761 616 arcendam
779 583 916 626 plebem
936 583 971 615 in
989 583 1132 626 adytum
1152 584 1366 626 irrumpente
1384 582 1591 615 obfirmavit.

233 655 373 688 Memor
390 656 496 688 etiam
524 655 721 699 fragilitatis
739 655 921 692 humanae,
949 660 989 687 ut
1015 655 1095 687 boni
1115 653 1258 698 pastoris
1276 653 1477 697 exemplum
1499 653 1627 686 sueces-

183 727 314 760 soribus
343 727 566 771 relinqueret,
593 732 629 759 ct
656 738 724 759 non
752 727 794 760 ad
821 727 1027 770 captandam
1054 726 1208 771 gloriam,
1236 725 1454 770 sepulchrum
1472 724 1534 759 fibi
1553 724 1625 769 ipfi,

184 802 276 833 inter
294 801 377 833 duas
391 799 505 833 sacelli
522 800 633 832 Divae
652 799 778 832 Matris
797 799 985 837 columnas,
1004 799 1118 842 lapide
1133 799 1301 842 quadrato
1316 800 1350 831 in
1366 799 1478 831 altum
1498 799 1628 831 excita-

184 874 245 905 vit.
299 872 376 905 Nec
398 873 509 905 defuit
538 872 588 904 illi
616 883 719 914 quem
746 872 781 903 in
806 871 871 904 hac
897 876 995 915 parte
1017 870 1219 914 sequeretur
1244 871 1379 909 author,
1399 871 1450 903 vir
1476 871 1628 914 optimus

183 945 288 977 abbas
322 944 345 977 J
348 930 477 977 oannes
512 943 637 982 Ellem,
681 944 738 986 qui
772 943 929 976 tabulam
963 943 1268 986 incomparabilem
1302 943 1440 986 majoris
1482 954 1561 975 arae
1594 943 1628 974 in

184 1017 321 1061 Kynlos
338 1016 398 1049 suo
416 1028 494 1049 aere
512 1016 727 1059 adportavit3
754 1016 782 1047 is
809 1016 924 1054 etiam,
945 1013 1135 1048 constituto
1157 1012 1218 1048 fibi
1245 1014 1435 1058 sepulchro,
1462 1015 1496 1046 in
1517 1014 1628 1047 Divae

185 1089 312 1123 Matris
329 1088 453 1122 sacello
472 1089 513 1121 ad
531 1086 684 1121 austrum
702 1086 856 1131 sepultus
869 1087 973 1131 jacet.

233 1161 275 1193 In
303 1166 544 1194 ornamentum
566 1172 646 1192 vero
664 1159 893 1193 sacrificorum
927 1160 1087 1192 dominus
1113 1159 1261 1193 Thomas
1279 1171 1323 1192 ex
1341 1171 1424 1192 auro
1450 1158 1567 1191 textili
1593 1163 1629 1191 et

186 1233 369 1266 florulento
388 1231 497 1265 vestes
515 1231 633 1271 sacras,
652 1230 841 1265 transmisso
859 1233 901 1265 ad
920 1233 955 1265 id
973 1233 1105 1277 negotii
1124 1233 1158 1264 in
1178 1231 1374 1265 Flandriani
1401 1232 1541 1264 domino
1560 1231 1629 1263 Ro-

185 1307 284 1338 berto
295 1305 455 1343 Cumcin,
470 1316 560 1338 anno
574 1304 694 1338 salutis
708 1305 879 1337 humanae
896 1307 996 1343 1590,
1012 1304 1174 1338 videlicet
1190 1316 1333 1348 cappam
1349 1316 1463 1343 unam,
1479 1316 1517 1337 ac
1535 1303 1629 1337 casu-

186 1378 263 1416 lam,
284 1378 367 1410 duas
386 1377 597 1415 dalmaticas,
613 1378 647 1409 in
660 1376 796 1420 Kynlos
810 1377 1016 1420 apportavit.
1056 1376 1153 1409 Emit
1168 1381 1203 1409 et
1218 1376 1301 1410 alias
1316 1375 1426 1409 vestes
1440 1387 1628 1420 purpureas

185 1461 228 1482 cx
242 1448 359 1482 villosa
377 1447 477 1493 bysso,
496 1450 561 1482 hoc
575 1447 634 1487 est,
650 1448 810 1487 casulam,
825 1453 896 1481 tres
913 1448 1124 1487 dalmaticas,
1140 1449 1225 1481 duas
1239 1449 1322 1481 alias
1337 1447 1468 1482 casulas
1481 1446 1628 1492 byffinas

186 1534 224 1555 ac
243 1520 376 1554 villosas
394 1519 570 1554 thalaffico
584 1520 642 1554 seu
658 1525 783 1554 veneto
797 1520 920 1559 colore,
936 1531 1015 1553 cum
1030 1519 1097 1554 suis
1112 1520 1315 1559 dalmaticis,
1335 1521 1482 1553 totidem
1499 1519 1629 1553 casulas

186 1606 229 1627 ex
249 1593 350 1637 bysso,
369 1593 557 1637 palmatam
576 1604 680 1626 unam
699 1598 735 1625 et
753 1593 901 1631 rubram,
917 1593 1061 1626 alteram
1076 1593 1257 1626 candidam
1277 1597 1312 1625 et
1332 1593 1534 1626 undulatam
1550 1603 1628 1625 cum

184 1667 252 1699 suis
271 1666 484 1704 dalmaticis;
511 1678 554 1698 ex
581 1664 768 1698 holoserico
786 1666 872 1698 item
897 1665 1054 1698 caeruleo
1072 1664 1231 1704 casulam,
1251 1677 1330 1698 eum
1350 1666 1482 1698 duabus
1501 1665 1629 1698 dalma-

186 1740 282 1778 ticis3
309 1739 433 1782 quibus
451 1739 611 1771 omnibus
638 1738 798 1770 laterales
824 1738 930 1770 fibrae
951 1739 1063 1770 aureis
1082 1736 1284 1771 staminibus
1302 1743 1337 1770 et
1356 1749 1459 1781 opere
1485 1738 1628 1781 phrygio

186 1812 355 1844 Divorum
381 1812 549 1855 imagines
567 1810 633 1843 filis
651 1808 790 1854 byssinis
808 1811 998 1853 purpureis,
1017 1811 1196 1849 coccineis,
1216 1815 1251 1843 et
1269 1811 1501 1854 hyacinthinis
1521 1811 1628 1842 inter—

186 1890 301 1917 textas
329 1884 469 1917 habent.
522 1883 707 1915 Accedunt
734 1887 770 1914 et
797 1880 938 1926 singulis
965 1881 1115 1915 vestibus
1141 1886 1256 1915 certae
1282 1894 1321 1915 ac
1348 1883 1504 1926 propriae
1530 1882 1628 1915 albae

186 1955 291 1989 stolae
311 1956 435 1995 (oraria
452 1960 554 1988 vocat
574 1954 823 1998 Hieronymus)
851 1958 887 1987 et
906 1954 939 1986 id
965 1966 1076 1997 genus
1102 1955 1234 1997 reliqua
1253 1956 1287 1987 in
1307 1953 1451 1987 vestium
1479 1955 1629 1998 comple-

186 2034 344 2061 mentum
363 2025 557 2061 neceffaria.
610 2025 739 2059 Rursus
758 2025 907 2059 casulam
927 2037 1041 2065 unam,
1069 2038 1148 2059 cum
1167 2027 1300 2060 duabus
1318 2027 1511 2060 dalmaticis
1529 2026 1629 2060 senii-

185 2100 308 2139 sericis,
328 2099 535 2141 (mrseticas,
557 2100 669 2143 patria
687 2099 805 2142 lingua
830 2098 941 2131 solent
968 2099 1095 2143 (licere)
1115 2100 1230 2143 nigris,
1258 2111 1336 2132 cum
1355 2099 1442 2132 albis
1468 2098 1572 2138 stolis,
1592 2105 1627 2132 et

186 2173 261 2205 aliis
280 2173 322 2205 ad
340 2183 414 2205 rem
433 2172 586 2204 divinam
604 2182 665 2215 pro
683 2171 829 2203 mortuis
848 2171 1051 2210 faciendam,
1071 2172 1278 2214 procuravit.
1331 2171 1418 2205 Octo
1445 2176 1624 2216 praeterea

187 2243 325 2283 casulas,
352 2255 498 2287 quarum
524 2242 604 2276 usus
630 2241 681 2276 est
707 2243 749 2276 ad
775 2242 947 2275 litandum
967 2244 1001 2275 in
1019 2244 1162 2286 privatis
1188 2243 1366 2276 altaribus.
1417 2243 1564 2276 Addidit
1591 2248 1625 2276 et

188 2318 336 2355 mitram,
356 2315 414 2349 seu
432 2317 555 2349 tiaram
578 2316 712 2354 rectius,
731 2316 879 2360 gemmis
898 2326 937 2348 ac
956 2316 1149 2359 margaritis
1167 2327 1237 2348 non
1255 2316 1458 2349 indecenter
1476 2317 1626 2360 variega—

896 2397 919 2419 K
