1861 2786
256 284 302 314 84-
719 279 957 312 HISTORIA
984 278 1231 313 ABBATUM

258 375 380 409 Mariae
399 375 553 419 Virginis
572 380 608 407 et
627 374 764 413 Matris,
791 375 941 417 primum
960 374 1039 407 suae
1066 376 1102 407 in
1124 375 1285 408 abbatem
1311 375 1536 418 promotionis
1562 373 1693 407 sacrum

258 458 382 491 magno
408 458 472 480 nec
497 447 612 479 minus
628 445 785 490 religioso
803 450 927 479 ornatu
945 446 1088 490 peregit.
1140 445 1199 478 Ab
1217 457 1257 479 eo
1277 457 1357 479 vero
1375 450 1540 489 tempore,
1562 445 1597 477 in
1615 456 1694 478 con-

258 518 432 552 stituendo
449 518 508 551 suo
526 515 742 556 monasterio,
760 518 797 550 in
814 516 1083 550 adversariorum
1097 518 1331 556 contentione,
1346 518 1381 550 in
1395 516 1622 564 instaurandis
1636 528 1696 560 per

260 588 466 624 vetustatem
492 589 637 623 ruinofis
655 590 828 628 aedificiis,
846 590 882 622 in
899 589 1068 633 ponendis
1095 593 1130 621 et
1156 589 1348 622 excitandis
1374 589 1472 621 novis
1489 588 1642 626 aedibus,
1660 588 1696 620 in

260 663 416 696 emendis
443 673 521 695 cum
548 663 590 695 ad
608 661 706 695 usum
723 661 801 695 suae
819 661 970 694 familiae
994 665 1071 693 tum
1096 659 1337 694 sacrificiorum
1362 659 1447 694 vafis
1472 661 1651 705 argenteis·
1662 665 1697 693 et

260 735 360 769 sacris
377 733 537 773 vestibus,
564 735 599 767 in
626 734 788 778 cogendis
812 733 944 776 aliquot
969 731 1125 776 collapsis
1149 733 1326 766 monachis
1351 734 1385 765 in
1412 733 1577 771 ordinem,
1604 736 1639 765 et
1664 733 1698 765 id

259 818 369 852 genus
387 806 463 840 aliis
481 817 571 850 pene
588 806 744 844 infinitis,
763 809 859 838 totus
876 805 952 837 fuit.

307 878 363 912 Ac
386 889 493 922 quum
520 878 653 910 videret
679 877 722 910 ab
747 881 863 910 aetate
889 875 923 909 se
950 877 986 909 in
1012 887 1234 910 communem
1258 881 1407 910 mortem
1433 887 1634 920 properare3
1660 881 1699 909 ut

261 951 327 984 suis
345 952 380 984 in
398 950 538 994 longam
565 948 758 982 consuleret
783 953 935 982 aetatem
962 948 1144 987 laboribus,
1171 959 1261 981 anno
1288 946 1497 992 sexagesimo
1522 946 1700 992 postquam

262 1034 364 1062 natus
378 1033 461 1067 erat,
475 1029 587 1060 virum
605 1028 765 1060 omnibus
783 1027 894 1059 modis
911 1023 1225 1065 celebratissimum,
1240 1030 1277 1060 et
1294 1024 1456 1059 ecelesiae
1475 1024 1701 1059 Moravienfis

262 1101 504 1139 subdecanum,
524 1100 576 1133 M.
595 1100 790 1132 Robertum
817 1099 916 1137 Reid,
943 1109 1036 1130 nunc
1063 1097 1309 1131 Mecaenatem
1335 1109 1461 1136 meum,
1488 1098 1524 1130 in
1545 1098 1701 1130 futurum

263 1175 423 1207 abbatem
450 1172 589 1216 delegit.
640 1169 722 1203 Post
747 1168 941 1203 successoris
968 1169 1185 1208 elessffionem,
1212 1181 1319 1203 annos
1344 1169 1422 1213 plus
1439 1170 1553 1202 minus
1570 1169 1702 1213 septem

264 1248 360 1278 xixit.
412 1245 453 1276 In
472 1243 613 1281 summa,
640 1244 682 1276 ab
700 1254 741 1275 eo
759 1254 849 1276 anno
876 1254 943 1285 quo
961 1242 1112 1285 primum
1138 1242 1252 1274 editus
1278 1240 1381 1275 estin
1404 1241 1519 1274 lucem
1545 1242 1703 1274 dominus

264 1319 412 1351 Thomas
430 1317 473 1349 311
491 1321 687 1348 extremuni
707 1316 798 1347 vitae
824 1315 926 1353 diem,
948 1315 1054 1347 etiam
1073 1312 1175 1358 ipsius
1194 1312 1412 1352 confessione,
1439 1325 1547 1347 annos
1572 1313 1702 1358 septem

267 1396 302 1423 et
321 1389 499 1433 sexaginta
524 1386 677 1420 absolvit.
733 1386 850 1419 Tertio
876 1390 993 1419 autem
1012 1385 1183 1419 Calendas
1200 1385 1356 1419 Januarii
1375 1385 1510 1419 delatus
1527 1386 1569 1419 ad
1588 1397 1705 1419 mona-

267 1462 407 1495 sterium
421 1460 483 1492 sub
500 1460 636 1492 noctem
651 1460 686 1491 in
701 1457 877 1501 sepulchro
895 1469 915 1491 a
932 1457 965 1490 ie
980 1455 1169 1491 constituto
1187 1458 1344 1501 proxime
1361 1458 1403 1491 ad
1422 1457 1590 1491 summani
1610 1470 1702 1491 arani

269 1533 461 1568 tumulatus
479 1530 538 1564 est.

940 1604 1040 1633 1535.

770 1694 1008 1726 REQUIESCAT
1032 1694 1074 1721 IN
1099 1695 1203 1721 PACE.

927 1781 1047 1807 AMEN.
