<?xml version="1.0" encoding="UTF-8"?>
<!DOCTYPE html PUBLIC "-//W3C//DTD XHTML 1.0 Transitional//EN"
    "http://www.w3.org/TR/xhtml1/DTD/xhtml1-transitional.dtd">
<html xmlns="http://www.w3.org/1999/xhtml" xml:lang="en" lang="en">
 <head>
  <title>
</title>
<meta http-equiv="Content-Type" content="text/html;charset=utf-8" />
  <meta name='ocr-system' content='tesseract 3.04.00' />
  <meta name='ocr-capabilities' content='ocr_page ocr_carea ocr_par ocr_line ocrx_word'/>
</head>
<body>
  <div class='ocr_page' id='page_1' title='image "./ferreriihistoria00bann/ferreriihistoria00bann_0108.png"; bbox 0 0 1861 2786; ppageno 0'>
   <div class='ocr_carea' id='block_1_1' title="bbox 201 265 1176 304">
    <p class='ocr_par' dir='ltr' id='par_1_1' title="bbox 201 265 1176 304">
     <span class='ocr_line' id='line_1_1' title="bbox 201 265 1176 304; baseline -0.003 -2"><span class='ocrx_word' id='word_1_1' title='bbox 201 272 243 304; x_wconf 71' lang='lat'>79</span> <span class='ocrx_word' id='word_1_2' title='bbox 661 266 901 299; x_wconf 83' lang='lat' dir='ltr'>HISTORIA</span> <span class='ocrx_word' id='word_1_3' title='bbox 927 265 1176 299; x_wconf 88' lang='lat' dir='ltr'>ABBATUM</span> 
     </span>
    </p>
   </div>
   <div class='ocr_carea' id='block_1_2' title="bbox 202 360 1644 2275">
    <p class='ocr_par' dir='ltr' id='par_1_2' title="bbox 202 360 1639 1122">
     <span class='ocr_line' id='line_1_2' title="bbox 202 360 1637 406; baseline -0.001 -11"><span class='ocrx_word' id='word_1_4' title='bbox 202 362 310 406; x_wconf 88' lang='lat' dir='ltr'>ipsum</span> <span class='ocrx_word' id='word_1_5' title='bbox 328 374 408 396; x_wconf 82' lang='lat' dir='ltr'>vero</span> <span class='ocrx_word' id='word_1_6' title='bbox 435 363 608 395; x_wconf 88' lang='lat' dir='ltr'>caminum</span> <span class='ocrx_word' id='word_1_7' title='bbox 635 363 800 395; x_wconf 84' lang='lat' dir='ltr'>decenter</span> <span class='ocrx_word' id='word_1_8' title='bbox 824 362 884 394; x_wconf 85' lang='lat' dir='ltr'>ubi</span> <span class='ocrx_word' id='word_1_9' title='bbox 909 373 1002 394; x_wconf 89' lang='lat' dir='ltr'>nunc</span> <span class='ocrx_word' id='word_1_10' title='bbox 1028 360 1078 394; x_wconf 85' lang='lat' dir='ltr'>est</span> <span class='ocrx_word' id='word_1_11' title='bbox 1099 366 1134 394; x_wconf 86' lang='lat' dir='ltr'>et</span> <span class='ocrx_word' id='word_1_12' title='bbox 1153 362 1196 394; x_wconf 85' lang='lat' dir='ltr'>ad</span> <span class='ocrx_word' id='word_1_13' title='bbox 1221 360 1444 394; x_wconf 78' lang='lat' dir='ltr'>altitudinem</span> <span class='ocrx_word' id='word_1_14' title='bbox 1469 362 1552 394; x_wconf 67' lang='lat' dir='ltr'>tecti</span> <span class='ocrx_word' id='word_1_15' title='bbox 1578 372 1637 394; x_wconf 85' lang='lat' dir='ltr'>ex-</span> 
     </span>
     <span class='ocr_line' id='line_1_3' title="bbox 202 431 1636 477; baseline -0.001 -10"><span class='ocrx_word' id='word_1_16' title='bbox 202 435 347 474; x_wconf 80' lang='lat' dir='ltr'>citavit3</span> <span class='ocrx_word' id='word_1_17' title='bbox 381 434 513 466; x_wconf 76' lang='lat' dir='ltr'>addidit</span> <span class='ocrx_word' id='word_1_18' title='bbox 548 438 583 466; x_wconf 93' lang='lat' dir='ltr'>et</span> <span class='ocrx_word' id='word_1_19' title='bbox 614 433 772 466; x_wconf 88' lang='lat' dir='ltr'>cubiculo</span> <span class='ocrx_word' id='word_1_20' title='bbox 807 444 876 466; x_wconf 91' lang='lat' dir='ltr'>non</span> <span class='ocrx_word' id='word_1_21' title='bbox 906 433 1095 477; x_wconf 85' lang='lat' dir='ltr'>ignobilem</span> <span class='ocrx_word' id='word_1_22' title='bbox 1129 444 1173 466; x_wconf 83' lang='lat' dir='ltr'>ex</span> <span class='ocrx_word' id='word_1_23' title='bbox 1208 431 1321 465; x_wconf 83' lang='lat' dir='ltr'>affulis</span> <span class='ocrx_word' id='word_1_24' title='bbox 1355 444 1394 465; x_wconf 88' lang='lat' dir='ltr'>ac</span> <span class='ocrx_word' id='word_1_25' title='bbox 1430 432 1636 476; x_wconf 80' lang='lat' dir='ltr'>perpolitam</span> 
     </span>
     <span class='ocr_line' id='line_1_4' title="bbox 203 503 1638 548; baseline -0.001 -10"><span class='ocrx_word' id='word_1_26' title='bbox 203 504 422 538; x_wconf 81' lang='lat' dir='ltr'>testudinem.</span> <span class='ocrx_word' id='word_1_27' title='bbox 478 504 624 543; x_wconf 87' lang='lat' dir='ltr'>Dehinc,</span> <span class='ocrx_word' id='word_1_28' title='bbox 651 505 889 538; x_wconf 79' lang='lat' dir='ltr'><strong>ambulacrum</strong></span> <span class='ocrx_word' id='word_1_29' title='bbox 906 505 1041 538; x_wconf 84' lang='lat' dir='ltr'>abbatis</span> <span class='ocrx_word' id='word_1_30' title='bbox 1068 515 1146 537; x_wconf 90' lang='lat' dir='ltr'>cum</span> <span class='ocrx_word' id='word_1_31' title='bbox 1168 503 1291 537; x_wconf 91' lang='lat' dir='ltr'>sacello</span> <span class='ocrx_word' id='word_1_32' title='bbox 1318 505 1360 537; x_wconf 90' lang='lat' dir='ltr'>ad</span> <span class='ocrx_word' id='word_1_33' title='bbox 1378 505 1547 548; x_wconf 89' lang='lat' dir='ltr'>privatam</span> <span class='ocrx_word' id='word_1_34' title='bbox 1566 515 1638 537; x_wconf 88' lang='lat' dir='ltr'>ora—</span> 
     </span>
     <span class='ocr_line' id='line_1_5' title="bbox 202 575 1638 619; baseline -0.001 -10"><span class='ocrx_word' id='word_1_35' title='bbox 202 579 333 610; x_wconf 80' lang='lat' dir='ltr'>tionem</span> <span class='ocrx_word' id='word_1_36' title='bbox 360 578 472 610; x_wconf 82' lang='lat' dir='ltr'>erexit</span> <span class='ocrx_word' id='word_1_37' title='bbox 490 588 509 609; x_wconf 91' lang='lat' dir='ltr'>a</span> <span class='ocrx_word' id='word_1_38' title='bbox 527 577 782 615; x_wconf 84' lang='lat' dir='ltr'>fundamentis;</span> <span class='ocrx_word' id='word_1_39' title='bbox 809 581 913 619; x_wconf 88' lang='lat' dir='ltr'>atque</span> <span class='ocrx_word' id='word_1_40' title='bbox 931 575 1044 609; x_wconf 75' lang='lat' dir='ltr'>assulis</span> <span class='ocrx_word' id='word_1_41' title='bbox 1062 587 1132 609; x_wconf 90' lang='lat' dir='ltr'>non</span> <span class='ocrx_word' id='word_1_42' title='bbox 1150 577 1352 609; x_wconf 81' lang='lat' dir='ltr'>indecenter</span> <span class='ocrx_word' id='word_1_43' title='bbox 1369 576 1503 615; x_wconf 83' lang='lat' dir='ltr'>dolatis,</span> <span class='ocrx_word' id='word_1_44' title='bbox 1526 576 1638 609; x_wconf 87' lang='lat' dir='ltr'>eidem</span> 
     </span>
     <span class='ocr_line' id='line_1_6' title="bbox 202 647 1638 692; baseline -0.001 -11"><span class='ocrx_word' id='word_1_45' title='bbox 202 648 398 682; x_wconf 86' lang='lat' dir='ltr'>ambulacro</span> <span class='ocrx_word' id='word_1_46' title='bbox 418 649 590 681; x_wconf 83' lang='lat' dir='ltr'>devexum</span> <span class='ocrx_word' id='word_1_47' title='bbox 608 647 768 681; x_wconf 90' lang='lat' dir='ltr'>solarium</span> <span class='ocrx_word' id='word_1_48' title='bbox 787 652 822 681; x_wconf 84' lang='lat' dir='ltr'>et</span> <span class='ocrx_word' id='word_1_49' title='bbox 840 659 1012 681; x_wconf 86' lang='lat' dir='ltr'>cameram</span> <span class='ocrx_word' id='word_1_50' title='bbox 1038 648 1162 692; x_wconf 82' lang='lat' dir='ltr'>adponi</span> <span class='ocrx_word' id='word_1_51' title='bbox 1190 649 1377 681; x_wconf 83' lang='lat' dir='ltr'>mandavit.</span> <span class='ocrx_word' id='word_1_52' title='bbox 1428 647 1507 681; x_wconf 94' lang='lat' dir='ltr'>Hoc</span> <span class='ocrx_word' id='word_1_53' title='bbox 1529 647 1638 691; x_wconf 88' lang='lat' dir='ltr'>ipsum</span> 
     </span>
     <span class='ocr_line' id='line_1_7' title="bbox 202 717 1639 763; baseline 0 -11"><span class='ocrx_word' id='word_1_54' title='bbox 202 721 307 753; x_wconf 90' lang='lat' dir='ltr'>etiam</span> <span class='ocrx_word' id='word_1_55' title='bbox 325 721 361 753; x_wconf 90' lang='lat' dir='ltr'>in</span> <span class='ocrx_word' id='word_1_56' title='bbox 379 721 511 753; x_wconf 90' lang='lat' dir='ltr'>minore</span> <span class='ocrx_word' id='word_1_57' title='bbox 528 718 587 752; x_wconf 88' lang='lat' dir='ltr'>suo</span> <span class='ocrx_word' id='word_1_58' title='bbox 606 719 721 753; x_wconf 86' lang='lat' dir='ltr'>effecit</span> <span class='ocrx_word' id='word_1_59' title='bbox 747 720 915 753; x_wconf 89' lang='lat' dir='ltr'>cubiculo.</span> <span class='ocrx_word' id='word_1_60' title='bbox 967 719 1060 759; x_wconf 86' lang='lat' dir='ltr'>Quid</span> <span class='ocrx_word' id='word_1_61' title='bbox 1078 730 1268 752; x_wconf 87' lang='lat' dir='ltr'>memorem</span> <span class='ocrx_word' id='word_1_62' title='bbox 1293 718 1454 752; x_wconf 84' lang='lat' dir='ltr'>solarium</span> <span class='ocrx_word' id='word_1_63' title='bbox 1479 717 1639 763; x_wconf 85' lang='lat' dir='ltr'>ampliffi-</span> 
     </span>
     <span class='ocr_line' id='line_1_8' title="bbox 203 790 1639 835; baseline -0.001 -11"><span class='ocrx_word' id='word_1_64' title='bbox 203 803 308 830; x_wconf 89' lang='lat' dir='ltr'>mum,</span> <span class='ocrx_word' id='word_1_65' title='bbox 342 792 408 824; x_wconf 88' lang='lat' dir='ltr'>hoc</span> <span class='ocrx_word' id='word_1_66' title='bbox 438 790 496 830; x_wconf 86' lang='lat' dir='ltr'>est,</span> <span class='ocrx_word' id='word_1_67' title='bbox 530 792 692 824; x_wconf 88' lang='lat' dir='ltr'>horreum</span> <span class='ocrx_word' id='word_1_68' title='bbox 726 790 864 835; x_wconf 83' lang='lat' dir='ltr'>penfile,</span> <span class='ocrx_word' id='word_1_69' title='bbox 896 793 931 824; x_wconf 90' lang='lat' dir='ltr'>in</span> <span class='ocrx_word' id='word_1_70' title='bbox 961 792 1063 824; x_wconf 92' lang='lat' dir='ltr'>domo</span> <span class='ocrx_word' id='word_1_71' title='bbox 1097 791 1337 835; x_wconf 78' lang='lat' dir='ltr'>languentium</span> <span class='ocrx_word' id='word_1_72' title='bbox 1367 791 1639 824; x_wconf 71' lang='lat' dir='ltr'>monachorum?</span> 
     </span>
     <span class='ocr_line' id='line_1_9' title="bbox 203 862 1638 907; baseline 0 -12"><span class='ocrx_word' id='word_1_73' title='bbox 203 863 295 902; x_wconf 85' lang='lat' dir='ltr'>Quid</span> <span class='ocrx_word' id='word_1_74' title='bbox 329 864 568 907; x_wconf 85' lang='lat' dir='ltr'>pavimentum</span> <span class='ocrx_word' id='word_1_75' title='bbox 602 862 854 907; x_wconf 87' lang='lat' dir='ltr'>peristyliorum</span> <span class='ocrx_word' id='word_1_76' title='bbox 885 862 1085 905; x_wconf 89' lang='lat' dir='ltr'>(claustrum</span> <span class='ocrx_word' id='word_1_77' title='bbox 1116 874 1208 896; x_wconf 91' lang='lat' dir='ltr'>nunc</span> <span class='ocrx_word' id='word_1_78' title='bbox 1242 864 1380 906; x_wconf 85' lang='lat' dir='ltr'>vocant)</span> <span class='ocrx_word' id='word_1_79' title='bbox 1416 862 1478 896; x_wconf 90' lang='lat' dir='ltr'>sub</span> <span class='ocrx_word' id='word_1_80' title='bbox 1508 863 1638 896; x_wconf 87' lang='lat' dir='ltr'>fornice</span> 
     </span>
     <span class='ocr_line' id='line_1_10' title="bbox 204 934 1638 979; baseline 0.001 -13"><span class='ocrx_word' id='word_1_81' title='bbox 204 935 365 968; x_wconf 84' lang='lat' dir='ltr'>videlicet</span> <span class='ocrx_word' id='word_1_82' title='bbox 391 934 567 978; x_wconf 87' lang='lat' dir='ltr'>utriusque</span> <span class='ocrx_word' id='word_1_83' title='bbox 596 936 738 979; x_wconf 68' lang='lat' dir='ltr'>portae?</span> <span class='ocrx_word' id='word_1_84' title='bbox 789 936 881 975; x_wconf 87' lang='lat' dir='ltr'>Quid</span> <span class='ocrx_word' id='word_1_85' title='bbox 907 936 949 968; x_wconf 88' lang='lat' dir='ltr'>de</span> <span class='ocrx_word' id='word_1_86' title='bbox 975 936 1073 968; x_wconf 86' lang='lat' dir='ltr'>novis</span> <span class='ocrx_word' id='word_1_87' title='bbox 1099 935 1204 974; x_wconf 80' lang='lat' dir='ltr'>cellis,</span> <span class='ocrx_word' id='word_1_88' title='bbox 1232 938 1277 973; x_wconf 75' lang='lat' dir='ltr'>et,</span> <span class='ocrx_word' id='word_1_89' title='bbox 1298 943 1338 967; x_wconf 80' lang='lat' dir='ltr'>ut</span> <span class='ocrx_word' id='word_1_90' title='bbox 1364 935 1415 968; x_wconf 90' lang='lat' dir='ltr'>illi</span> <span class='ocrx_word' id='word_1_91' title='bbox 1440 935 1638 978; x_wconf 76' lang='lat' dir='ltr'>loquuntur,</span> 
     </span>
     <span class='ocr_line' id='line_1_11' title="bbox 202 1006 1638 1058; baseline 0 -19"><span class='ocrx_word' id='word_1_92' title='bbox 202 1018 291 1039; x_wconf 88' lang='lat' dir='ltr'>novo</span> <span class='ocrx_word' id='word_1_93' title='bbox 321 1007 546 1040; x_wconf 77' lang='lat' dir='ltr'>dormit-orio?</span> <span class='ocrx_word' id='word_1_94' title='bbox 606 1007 736 1040; x_wconf 88' lang='lat' dir='ltr'>Annon</span> <span class='ocrx_word' id='word_1_95' title='bbox 767 1008 882 1040; x_wconf 84' lang='lat' dir='ltr'>onmia</span> <span class='ocrx_word' id='word_1_96' title='bbox 919 1008 1135 1051; x_wconf 85' lang='lat' dir='ltr'>benignitate</span> <span class='ocrx_word' id='word_1_97' title='bbox 1172 1011 1208 1040; x_wconf 87' lang='lat' dir='ltr'>et</span> <span class='ocrx_word' id='word_1_98' title='bbox 1245 1006 1455 1058; x_wconf 59' lang='lat' dir='ltr'>liberalitate</span> <span class='ocrx_word' id='word_1_99' title='bbox 1484 1006 1638 1040; x_wconf 87' lang='lat' dir='ltr'>Thomae</span> 
     </span>
     <span class='ocr_line' id='line_1_12' title="bbox 203 1077 1349 1122; baseline -0.002 -10"><span class='ocrx_word' id='word_1_100' title='bbox 203 1080 336 1112; x_wconf 79' lang='lat' dir='ltr'>abbatis</span> <span class='ocrx_word' id='word_1_101' title='bbox 355 1090 448 1112; x_wconf 83' lang='lat' dir='ltr'>nunc</span> <span class='ocrx_word' id='word_1_102' title='bbox 465 1078 544 1112; x_wconf 88' lang='lat' dir='ltr'>sunt</span> <span class='ocrx_word' id='word_1_103' title='bbox 562 1078 750 1112; x_wconf 88' lang='lat' dir='ltr'>constituta</span> <span class='ocrx_word' id='word_1_104' title='bbox 768 1090 855 1122; x_wconf 86' lang='lat' dir='ltr'>quae</span> <span class='ocrx_word' id='word_1_105' title='bbox 873 1081 966 1122; x_wconf 81' lang='lat' dir='ltr'>prius</span> <span class='ocrx_word' id='word_1_106' title='bbox 985 1077 1151 1122; x_wconf 86' lang='lat' dir='ltr'>nusquam</span> <span class='ocrx_word' id='word_1_107' title='bbox 1169 1078 1349 1111; x_wconf 70' lang='lat' dir='ltr'>fecerant?</span> 
     </span>
    </p>

    <p class='ocr_par' dir='ltr' id='par_1_3' title="bbox 203 1149 1641 1843">
     <span class='ocr_line' id='line_1_13' title="bbox 252 1149 1639 1194; baseline -0.001 -11"><span class='ocrx_word' id='word_1_108' title='bbox 252 1150 308 1189; x_wconf 78' lang='lat' dir='ltr'>Et,</span> <span class='ocrx_word' id='word_1_109' title='bbox 327 1161 371 1183; x_wconf 91' lang='lat' dir='ltr'>ne</span> <span class='ocrx_word' id='word_1_110' title='bbox 389 1151 464 1193; x_wconf 85' lang='lat' dir='ltr'>quis</span> <span class='ocrx_word' id='word_1_111' title='bbox 482 1149 597 1183; x_wconf 89' lang='lat' dir='ltr'>secum</span> <span class='ocrx_word' id='word_1_112' title='bbox 612 1156 761 1194; x_wconf 83' lang='lat' dir='ltr'>reputet,</span> <span class='ocrx_word' id='word_1_113' title='bbox 779 1151 892 1183; x_wconf 86' lang='lat' dir='ltr'>multa</span> <span class='ocrx_word' id='word_1_114' title='bbox 909 1162 952 1184; x_wconf 83' lang='lat' dir='ltr'>ex</span> <span class='ocrx_word' id='word_1_115' title='bbox 970 1151 1022 1183; x_wconf 83' lang='lat' dir='ltr'>his</span> <span class='ocrx_word' id='word_1_116' title='bbox 1042 1161 1144 1193; x_wconf 84' lang='lat' dir='ltr'>parvo</span> <span class='ocrx_word' id='word_1_117' title='bbox 1162 1162 1241 1183; x_wconf 85' lang='lat' dir='ltr'>aere</span> <span class='ocrx_word' id='word_1_118' title='bbox 1258 1152 1308 1183; x_wconf 87' lang='lat' dir='ltr'>ita</span> <span class='ocrx_word' id='word_1_119' title='bbox 1325 1150 1480 1184; x_wconf 55' lang='lat' dir='ltr'>confecta</span> <span class='ocrx_word' id='word_1_120' title='bbox 1497 1155 1536 1183; x_wconf 86' lang='lat' dir='ltr'>ut</span> <span class='ocrx_word' id='word_1_121' title='bbox 1554 1150 1639 1183; x_wconf 91' lang='lat' dir='ltr'>nihil</span> 
     </span>
     <span class='ocr_line' id='line_1_14' title="bbox 203 1220 1639 1266; baseline 0.001 -12"><span class='ocrx_word' id='word_1_122' title='bbox 203 1233 355 1265; x_wconf 83' lang='lat' dir='ltr'>unquam</span> <span class='ocrx_word' id='word_1_123' title='bbox 384 1223 549 1266; x_wconf 79' lang='lat' dir='ltr'>gravioris</span> <span class='ocrx_word' id='word_1_124' title='bbox 583 1223 695 1266; x_wconf 79' lang='lat' dir='ltr'>operis</span> <span class='ocrx_word' id='word_1_125' title='bbox 729 1220 770 1255; x_wconf 86' lang='lat' dir='ltr'>fit</span> <span class='ocrx_word' id='word_1_126' title='bbox 800 1220 983 1266; x_wconf 45' lang='lat' dir='ltr'>aggressu&amp;</span> <span class='ocrx_word' id='word_1_127' title='bbox 1019 1221 1227 1255; x_wconf 85' lang='lat' dir='ltr'>subscribam</span> <span class='ocrx_word' id='word_1_128' title='bbox 1257 1222 1440 1266; x_wconf 82' lang='lat' dir='ltr'>magnifica</span> <span class='ocrx_word' id='word_1_129' title='bbox 1471 1223 1639 1265; x_wconf 85' lang='lat' dir='ltr'>quaedam</span> 
     </span>
     <span class='ocr_line' id='line_1_15' title="bbox 205 1293 1641 1338; baseline 0.001 -12"><span class='ocrx_word' id='word_1_130' title='bbox 205 1294 361 1327; x_wconf 83' lang='lat' dir='ltr'>aedificia</span> <span class='ocrx_word' id='word_1_131' title='bbox 386 1305 474 1337; x_wconf 85' lang='lat' dir='ltr'>quae</span> <span class='ocrx_word' id='word_1_132' title='bbox 501 1295 601 1327; x_wconf 82' lang='lat' dir='ltr'>variis</span> <span class='ocrx_word' id='word_1_133' title='bbox 629 1294 713 1327; x_wconf 86' lang='lat' dir='ltr'>locis</span> <span class='ocrx_word' id='word_1_134' title='bbox 738 1305 799 1338; x_wconf 88' lang='lat' dir='ltr'>per</span> <span class='ocrx_word' id='word_1_135' title='bbox 824 1295 974 1327; x_wconf 86' lang='lat' dir='ltr'>eundem</span> <span class='ocrx_word' id='word_1_136' title='bbox 1000 1293 1080 1327; x_wconf 81' lang='lat' dir='ltr'>sunt</span> <span class='ocrx_word' id='word_1_137' title='bbox 1105 1295 1227 1327; x_wconf 66' lang='lat' dir='ltr'>erecta.</span> <span class='ocrx_word' id='word_1_138' title='bbox 1279 1294 1372 1327; x_wconf 89' lang='lat' dir='ltr'>Illud</span> <span class='ocrx_word' id='word_1_139' title='bbox 1397 1295 1433 1327; x_wconf 90' lang='lat' dir='ltr'>in</span> <span class='ocrx_word' id='word_1_140' title='bbox 1451 1296 1568 1338; x_wconf 86' lang='lat' dir='ltr'>primis</span> <span class='ocrx_word' id='word_1_141' title='bbox 1586 1306 1641 1328; x_wconf 92' lang='lat' dir='ltr'>oc—</span> 
     </span>
     <span class='ocr_line' id='line_1_16' title="bbox 205 1364 1640 1411; baseline 0.001 -13"><span class='ocrx_word' id='word_1_142' title='bbox 205 1367 330 1399; x_wconf 85' lang='lat' dir='ltr'>ccurrit</span> <span class='ocrx_word' id='word_1_143' title='bbox 356 1367 447 1409; x_wconf 90' lang='lat' dir='ltr'>quod</span> <span class='ocrx_word' id='word_1_144' title='bbox 474 1367 509 1399; x_wconf 89' lang='lat' dir='ltr'>in</span> <span class='ocrx_word' id='word_1_145' title='bbox 534 1366 584 1399; x_wconf 90' lang='lat' dir='ltr'>sui</span> <span class='ocrx_word' id='word_1_146' title='bbox 610 1364 806 1400; x_wconf 87' lang='lat' dir='ltr'>monasterii</span> <span class='ocrx_word' id='word_1_147' title='bbox 832 1378 923 1411; x_wconf 83' lang='lat' dir='ltr'>agro,</span> <span class='ocrx_word' id='word_1_148' title='bbox 950 1366 1008 1399; x_wconf 90' lang='lat' dir='ltr'>seu</span> <span class='ocrx_word' id='word_1_149' title='bbox 1038 1368 1146 1400; x_wconf 87' lang='lat' dir='ltr'>mavis</span> <span class='ocrx_word' id='word_1_150' title='bbox 1177 1366 1347 1410; x_wconf 86' lang='lat' dir='ltr'>Strathily</span> <span class='ocrx_word' id='word_1_151' title='bbox 1372 1368 1522 1406; x_wconf 85' lang='lat' dir='ltr'>baronia,</span> <span class='ocrx_word' id='word_1_152' title='bbox 1548 1378 1640 1400; x_wconf 85' lang='lat' dir='ltr'>nunc·</span> 
     </span>
     <span class='ocr_line' id='line_1_17' title="bbox 205 1437 1641 1482; baseline 0.001 -12"><span class='ocrx_word' id='word_1_153' title='bbox 205 1439 368 1470; x_wconf 82' lang='lat' dir='ltr'>cernitur.</span> <span class='ocrx_word' id='word_1_154' title='bbox 419 1437 462 1470; x_wconf 83' lang='lat' dir='ltr'>In</span> <span class='ocrx_word' id='word_1_155' title='bbox 480 1438 626 1471; x_wconf 86' lang='lat' dir='ltr'>formam</span> <span class='ocrx_word' id='word_1_156' title='bbox 651 1439 737 1471; x_wconf 83' lang='lat' dir='ltr'>arcis</span> <span class='ocrx_word' id='word_1_157' title='bbox 763 1438 834 1471; x_wconf 91' lang='lat' dir='ltr'>illic</span> <span class='ocrx_word' id='word_1_158' title='bbox 860 1437 939 1471; x_wconf 85' lang='lat' dir='ltr'>satis</span> <span class='ocrx_word' id='word_1_159' title='bbox 957 1439 1107 1482; x_wconf 85' lang='lat' dir='ltr'>amplam</span> <span class='ocrx_word' id='word_1_160' title='bbox 1125 1450 1190 1472; x_wconf 91' lang='lat' dir='ltr'>nec</span> <span class='ocrx_word' id='word_1_161' title='bbox 1207 1440 1322 1472; x_wconf 90' lang='lat' dir='ltr'>minus</span> <span class='ocrx_word' id='word_1_162' title='bbox 1340 1440 1465 1472; x_wconf 88' lang='lat' dir='ltr'>fortem</span> <span class='ocrx_word' id='word_1_163' title='bbox 1483 1451 1502 1473; x_wconf 89' lang='lat' dir='ltr'>a</span> <span class='ocrx_word' id='word_1_164' title='bbox 1519 1440 1641 1472; x_wconf 86' lang='lat' dir='ltr'>funda—</span> 
     </span>
     <span class='ocr_line' id='line_1_18' title="bbox 206 1508 1640 1554; baseline 0.001 -12"><span class='ocrx_word' id='word_1_165' title='bbox 206 1510 333 1542; x_wconf 86' lang='lat' dir='ltr'>mentis</span> <span class='ocrx_word' id='word_1_166' title='bbox 363 1508 556 1542; x_wconf 76' lang='lat' dir='ltr'>construxit</span> <span class='ocrx_word' id='word_1_167' title='bbox 586 1510 737 1549; x_wconf 88' lang='lat' dir='ltr'>domum,</span> <span class='ocrx_word' id='word_1_168' title='bbox 768 1521 857 1543; x_wconf 91' lang='lat' dir='ltr'>anno</span> <span class='ocrx_word' id='word_1_169' title='bbox 888 1510 1082 1544; x_wconf 71' lang='lat' dir='ltr'>servatoris</span> <span class='ocrx_word' id='word_1_170' title='bbox 1113 1509 1237 1543; x_wconf 88' lang='lat' dir='ltr'>Christi</span> <span class='ocrx_word' id='word_1_171' title='bbox 1268 1512 1390 1554; x_wconf 89' lang='lat' dir='ltr'>quinto</span> <span class='ocrx_word' id='word_1_172' title='bbox 1420 1516 1456 1544; x_wconf 90' lang='lat' dir='ltr'>et</span> <span class='ocrx_word' id='word_1_173' title='bbox 1482 1509 1640 1544; x_wconf 84' lang='lat' dir='ltr'>vicefimo</span> 
     </span>
     <span class='ocr_line' id='line_1_19' title="bbox 206 1580 1641 1627; baseline 0.002 -14"><span class='ocrx_word' id='word_1_174' title='bbox 206 1581 305 1624; x_wconf 88' lang='lat' dir='ltr'>supra</span> <span class='ocrx_word' id='word_1_175' title='bbox 329 1580 670 1624; x_wconf 80' lang='lat' dir='ltr'>sesquimillesimum.</span> <span class='ocrx_word' id='word_1_176' title='bbox 722 1581 816 1615; x_wconf 83' lang='lat' dir='ltr'>Huic</span> <span class='ocrx_word' id='word_1_177' title='bbox 843 1582 960 1614; x_wconf 88' lang='lat' dir='ltr'>domui</span> <span class='ocrx_word' id='word_1_178' title='bbox 985 1583 1157 1626; x_wconf 86' lang='lat' dir='ltr'>porticum</span> <span class='ocrx_word' id='word_1_179' title='bbox 1183 1594 1262 1615; x_wconf 89' lang='lat' dir='ltr'>cum</span> <span class='ocrx_word' id='word_1_180' title='bbox 1287 1583 1396 1627; x_wconf 86' lang='lat' dir='ltr'>gradu</span> <span class='ocrx_word' id='word_1_181' title='bbox 1422 1583 1557 1627; x_wconf 86' lang='lat' dir='ltr'>lapideo</span> <span class='ocrx_word' id='word_1_182' title='bbox 1581 1595 1641 1626; x_wconf 88' lang='lat' dir='ltr'>pro</span> 
     </span>
     <span class='ocr_line' id='line_1_20' title="bbox 206 1654 1641 1698; baseline 0.002 -13"><span class='ocrx_word' id='word_1_183' title='bbox 206 1654 334 1685; x_wconf 84' lang='lat' dir='ltr'>foribus</span> <span class='ocrx_word' id='word_1_184' title='bbox 352 1654 488 1697; x_wconf 85' lang='lat' dir='ltr'>adjecit.</span> <span class='ocrx_word' id='word_1_185' title='bbox 541 1654 714 1692; x_wconf 80' lang='lat' dir='ltr'>Proxime,</span> <span class='ocrx_word' id='word_1_186' title='bbox 741 1655 784 1687; x_wconf 90' lang='lat' dir='ltr'>ad</span> <span class='ocrx_word' id='word_1_187' title='bbox 810 1655 961 1697; x_wconf 86' lang='lat' dir='ltr'>paranda</span> <span class='ocrx_word' id='word_1_188' title='bbox 986 1655 1122 1693; x_wconf 85' lang='lat' dir='ltr'>cibaria,</span> <span class='ocrx_word' id='word_1_189' title='bbox 1150 1654 1345 1698; x_wconf 84' lang='lat' dir='ltr'>elegantem</span> <span class='ocrx_word' id='word_1_190' title='bbox 1371 1656 1534 1698; x_wconf 89' lang='lat' dir='ltr'>popinam</span> <span class='ocrx_word' id='word_1_191' title='bbox 1552 1656 1641 1688; x_wconf 83' lang='lat' dir='ltr'>cocis</span> 
     </span>
     <span class='ocr_line' id='line_1_21' title="bbox 206 1725 1641 1770; baseline 0.001 -12"><span class='ocrx_word' id='word_1_192' title='bbox 206 1726 326 1758; x_wconf 81' lang='lat' dir='ltr'>erexit.</span> <span class='ocrx_word' id='word_1_193' title='bbox 378 1725 499 1769; x_wconf 87' lang='lat' dir='ltr'>Atque</span> <span class='ocrx_word' id='word_1_194' title='bbox 517 1727 551 1758; x_wconf 93' lang='lat' dir='ltr'>in</span> <span class='ocrx_word' id='word_1_195' title='bbox 570 1727 657 1759; x_wconf 84' lang='lat' dir='ltr'>arcis</span> <span class='ocrx_word' id='word_1_196' title='bbox 673 1727 817 1765; x_wconf 88' lang='lat' dir='ltr'>ambitu,</span> <span class='ocrx_word' id='word_1_197' title='bbox 838 1731 972 1759; x_wconf 84' lang='lat' dir='ltr'>veteres</span> <span class='ocrx_word' id='word_1_198' title='bbox 990 1731 1025 1759; x_wconf 87' lang='lat' dir='ltr'>et</span> <span class='ocrx_word' id='word_1_199' title='bbox 1045 1725 1186 1759; x_wconf 79' lang='lat' dir='ltr'>cariosas</span> <span class='ocrx_word' id='word_1_200' title='bbox 1204 1726 1316 1766; x_wconf 84' lang='lat' dir='ltr'>aedes,</span> <span class='ocrx_word' id='word_1_201' title='bbox 1342 1728 1378 1759; x_wconf 88' lang='lat' dir='ltr'>in</span> <span class='ocrx_word' id='word_1_202' title='bbox 1404 1725 1501 1759; x_wconf 91' lang='lat' dir='ltr'>usum</span> <span class='ocrx_word' id='word_1_203' title='bbox 1526 1725 1641 1770; x_wconf 87' lang='lat' dir='ltr'>postea</span> 
     </span>
     <span class='ocr_line' id='line_1_22' title="bbox 206 1796 1078 1843; baseline 0.002 -13"><span class='ocrx_word' id='word_1_204' title='bbox 206 1798 361 1830; x_wconf 83' lang='lat' dir='ltr'>futurum</span> <span class='ocrx_word' id='word_1_205' title='bbox 379 1798 620 1841; x_wconf 84' lang='lat' dir='ltr'>multiplicem,</span> <span class='ocrx_word' id='word_1_206' title='bbox 639 1797 840 1832; x_wconf 74' lang='lat' dir='ltr'>instauravit</span> <span class='ocrx_word' id='word_1_207' title='bbox 858 1810 919 1842; x_wconf 86' lang='lat' dir='ltr'>per</span> <span class='ocrx_word' id='word_1_208' title='bbox 937 1796 1078 1843; x_wconf 85' lang='lat' dir='ltr'>singula.</span> 
     </span>
    </p>

    <p class='ocr_par' dir='ltr' id='par_1_4' title="bbox 209 1868 1644 2275">
     <span class='ocr_line' id='line_1_23' title="bbox 255 1868 1641 1915; baseline 0.001 -13"><span class='ocrx_word' id='word_1_209' title='bbox 255 1869 361 1902; x_wconf 91' lang='lat' dir='ltr'>Anno</span> <span class='ocrx_word' id='word_1_210' title='bbox 374 1874 554 1913; x_wconf 84' lang='lat' dir='ltr'>praeterea</span> <span class='ocrx_word' id='word_1_211' title='bbox 567 1870 696 1903; x_wconf 92' lang='lat' dir='ltr'>domini</span> <span class='ocrx_word' id='word_1_212' title='bbox 710 1868 891 1903; x_wconf 84' lang='lat' dir='ltr'>millesimo</span> <span class='ocrx_word' id='word_1_213' title='bbox 910 1869 1185 1915; x_wconf 83' lang='lat' dir='ltr'>quingentesimo</span> <span class='ocrx_word' id='word_1_214' title='bbox 1203 1870 1375 1904; x_wconf 85' lang='lat' dir='ltr'>tricefimo</span> <span class='ocrx_word' id='word_1_215' title='bbox 1392 1870 1549 1910; x_wconf 83' lang='lat' dir='ltr'>secundo,</span> <span class='ocrx_word' id='word_1_216' title='bbox 1564 1883 1641 1905; x_wconf 88' lang='lat' dir='ltr'>aere</span> 
     </span>
     <span class='ocr_line' id='line_1_24' title="bbox 209 1940 1642 1987; baseline 0.002 -14"><span class='ocrx_word' id='word_1_217' title='bbox 209 1942 360 1973; x_wconf 85' lang='lat' dir='ltr'>maximo</span> <span class='ocrx_word' id='word_1_218' title='bbox 386 1942 477 1984; x_wconf 90' lang='lat' dir='ltr'>apud</span> <span class='ocrx_word' id='word_1_219' title='bbox 502 1941 597 1975; x_wconf 89' lang='lat' dir='ltr'>suam</span> <span class='ocrx_word' id='word_1_220' title='bbox 623 1940 802 1975; x_wconf 78' lang='lat' dir='ltr'>ecclefiam</span> <span class='ocrx_word' id='word_1_221' title='bbox 826 1943 869 1976; x_wconf 89' lang='lat' dir='ltr'>ab</span> <span class='ocrx_word' id='word_1_222' title='bbox 895 1942 1021 1976; x_wconf 90' lang='lat' dir='ltr'>Ellone</span> <span class='ocrx_word' id='word_1_223' title='bbox 1046 1943 1264 1987; x_wconf 84' lang='lat' dir='ltr'>magnificam</span> <span class='ocrx_word' id='word_1_224' title='bbox 1282 1948 1318 1976; x_wconf 90' lang='lat' dir='ltr'>et</span> <span class='ocrx_word' id='word_1_225' title='bbox 1336 1941 1574 1987; x_wconf 72' lang='lat' dir='ltr'>amplissimam</span> <span class='ocrx_word' id='word_1_226' title='bbox 1600 1944 1642 1976; x_wconf 89' lang='lat' dir='ltr'>ab</span> 
     </span>
     <span class='ocr_line' id='line_1_25' title="bbox 210 2010 1644 2060; baseline 0.002 -15"><span class='ocrx_word' id='word_1_227' title='bbox 210 2010 287 2056; x_wconf 80' lang='lat' dir='ltr'>ipsis</span> <span class='ocrx_word' id='word_1_228' title='bbox 304 2013 539 2046; x_wconf 78' lang='lat' dir='ltr'>fundamentis</span> <span class='ocrx_word' id='word_1_229' title='bbox 565 2015 706 2046; x_wconf 89' lang='lat' dir='ltr'>domum</span> <span class='ocrx_word' id='word_1_230' title='bbox 733 2015 853 2053; x_wconf 79' lang='lat' dir='ltr'>erexit,</span> <span class='ocrx_word' id='word_1_231' title='bbox 881 2026 983 2058; x_wconf 90' lang='lat' dir='ltr'>quam</span> <span class='ocrx_word' id='word_1_232' title='bbox 1009 2013 1127 2058; x_wconf 86' lang='lat' dir='ltr'>postea</span> <span class='ocrx_word' id='word_1_233' title='bbox 1152 2015 1424 2048; x_wconf 85' lang='lat' dir='ltr'>imbricamentis</span> <span class='ocrx_word' id='word_1_234' title='bbox 1450 2017 1555 2049; x_wconf 83' lang='lat' dir='ltr'>etiam</span> <span class='ocrx_word' id='word_1_235' title='bbox 1582 2016 1644 2060; x_wconf 83' lang='lat' dir='ltr'>lig-</span> 
     </span>
     <span class='ocr_line' id='line_1_26' title="bbox 210 2084 1642 2130; baseline 0.003 -14"><span class='ocrx_word' id='word_1_236' title='bbox 210 2085 284 2117; x_wconf 82' lang='lat' dir='ltr'>neis</span> <span class='ocrx_word' id='word_1_237' title='bbox 309 2084 419 2117; x_wconf 82' lang='lat' dir='ltr'>voluit</span> <span class='ocrx_word' id='word_1_238' title='bbox 446 2086 648 2119; x_wconf 62' lang='lat' dir='ltr'>commestam.</span> <span class='ocrx_word' id='word_1_239' title='bbox 700 2084 767 2129; x_wconf 87' lang='lat' dir='ltr'>Ipfi</span> <span class='ocrx_word' id='word_1_240' title='bbox 793 2086 924 2130; x_wconf 86' lang='lat' dir='ltr'>templo</span> <span class='ocrx_word' id='word_1_241' title='bbox 950 2087 993 2120; x_wconf 87' lang='lat' dir='ltr'>ab</span> <span class='ocrx_word' id='word_1_242' title='bbox 1011 2086 1136 2120; x_wconf 90' lang='lat' dir='ltr'>Ellone</span> <span class='ocrx_word' id='word_1_243' title='bbox 1157 2086 1269 2120; x_wconf 87' lang='lat' dir='ltr'>multa</span> <span class='ocrx_word' id='word_1_244' title='bbox 1294 2087 1426 2120; x_wconf 88' lang='lat' dir='ltr'>addidit</span> <span class='ocrx_word' id='word_1_245' title='bbox 1452 2085 1642 2126; x_wconf 80' lang='lat' dir='ltr'>necessaria,</span> 
     </span>
     <span class='ocr_line' id='line_1_27' title="bbox 211 2157 1643 2202; baseline 0.003 -14"><span class='ocrx_word' id='word_1_246' title='bbox 211 2160 251 2188; x_wconf 86' lang='lat' dir='ltr'>ut</span> <span class='ocrx_word' id='word_1_247' title='bbox 276 2157 312 2189; x_wconf 89' lang='lat' dir='ltr'>in</span> <span class='ocrx_word' id='word_1_248' title='bbox 337 2157 428 2189; x_wconf 63' lang='lat' dir='ltr'>tefito</span> <span class='ocrx_word' id='word_1_249' title='bbox 454 2161 490 2189; x_wconf 87' lang='lat' dir='ltr'>et</span> <span class='ocrx_word' id='word_1_250' title='bbox 516 2158 714 2200; x_wconf 84' lang='lat' dir='ltr'>pavimento</span> <span class='ocrx_word' id='word_1_251' title='bbox 740 2158 1029 2202; x_wconf 79' lang='lat' dir='ltr'>redintegrand03</span> <span class='ocrx_word' id='word_1_252' title='bbox 1056 2158 1223 2192; x_wconf 89' lang='lat' dir='ltr'>nonnulla</span> <span class='ocrx_word' id='word_1_253' title='bbox 1248 2159 1292 2192; x_wconf 89' lang='lat' dir='ltr'>ad</span> <span class='ocrx_word' id='word_1_254' title='bbox 1321 2164 1573 2199; x_wconf 84' lang='lat' dir='ltr'>ornamentum,</span> <span class='ocrx_word' id='word_1_255' title='bbox 1601 2161 1643 2193; x_wconf 90' lang='lat' dir='ltr'>de</span> 
     </span>
     <span class='ocr_line' id='line_1_28' title="bbox 213 2226 1643 2275; baseline 0.003 -15"><span class='ocrx_word' id='word_1_256' title='bbox 213 2228 336 2271; x_wconf 87' lang='lat' dir='ltr'>quibus</span> <span class='ocrx_word' id='word_1_257' title='bbox 353 2228 442 2261; x_wconf 86' lang='lat' dir='ltr'>infra</span> <span class='ocrx_word' id='word_1_258' title='bbox 464 2226 651 2261; x_wconf 85' lang='lat' dir='ltr'>scribimus.</span> <span class='ocrx_word' id='word_1_259' title='bbox 704 2228 798 2262; x_wconf 86' lang='lat' dir='ltr'>Pene</span> <span class='ocrx_word' id='word_1_260' title='bbox 816 2228 939 2263; x_wconf 87' lang='lat' dir='ltr'>fimilia</span> <span class='ocrx_word' id='word_1_261' title='bbox 956 2229 1072 2263; x_wconf 86' lang='lat' dir='ltr'>effecit</span> <span class='ocrx_word' id='word_1_262' title='bbox 1088 2229 1167 2264; x_wconf 90' lang='lat' dir='ltr'>suae</span> <span class='ocrx_word' id='word_1_263' title='bbox 1185 2229 1348 2264; x_wconf 76' lang='lat' dir='ltr'>ecclesiae</span> <span class='ocrx_word' id='word_1_264' title='bbox 1365 2232 1456 2275; x_wconf 90' lang='lat' dir='ltr'>apud</span> <span class='ocrx_word' id='word_1_265' title='bbox 1474 2230 1643 2269; x_wconf 85' lang='lat' dir='ltr'>Rosciam,</span> 
     </span>
    </p>
   </div>
   <div class='ocr_carea' id='block_1_3' title="bbox 212 2299 1645 2348">
    <p class='ocr_par' dir='ltr' id='par_1_5' title="bbox 212 2299 1645 2348">
     <span class='ocr_line' id='line_1_29' title="bbox 212 2299 1645 2348; baseline 0.003 -16"><span class='ocrx_word' id='word_1_266' title='bbox 212 2311 315 2343; x_wconf 85' lang='lat' dir='ltr'>quam</span> <span class='ocrx_word' id='word_1_267' title='bbox 334 2300 453 2333; x_wconf 80' lang='lat' dir='ltr'>dicunt</span> <span class='ocrx_word' id='word_1_268' title='bbox 471 2299 620 2333; x_wconf 84' lang='lat' dir='ltr'>Awacht</span> <span class='ocrx_word' id='word_1_269' title='bbox 637 2301 787 2334; x_wconf 86' lang='lat' dir='ltr'>nomine.</span> <span class='ocrx_word' id='word_1_270' title='bbox 835 2300 892 2334; x_wconf 88' lang='lat' dir='ltr'>Ita</span> <span class='ocrx_word' id='word_1_271' title='bbox 912 2306 1092 2335; x_wconf 81' lang='lat' dir='ltr'>accuratus</span> <span class='ocrx_word' id='word_1_272' title='bbox 1112 2306 1146 2335; x_wconf 86' lang='lat' dir='ltr'>et</span> <span class='ocrx_word' id='word_1_273' title='bbox 1161 2302 1306 2347; x_wconf 83' lang='lat' dir='ltr'>vigilans</span> <span class='ocrx_word' id='word_1_274' title='bbox 1323 2301 1437 2346; x_wconf 85' lang='lat' dir='ltr'>pastor</span> <span class='ocrx_word' id='word_1_275' title='bbox 1453 2303 1496 2336; x_wconf 90' lang='lat' dir='ltr'>ad</span> <span class='ocrx_word' id='word_1_276' title='bbox 1513 2301 1645 2348; x_wconf 81' lang='lat' dir='ltr'>fingula</span> 
     </span>
    </p>
   </div>
  </div>
 </body>
</html>
