1861 2786
228 270 269 299 14
679 265 917 299 HISTORIA
944 265 1193 299 ABBATUM

224 360 365 405 prorsus.
417 361 485 394 Sed
505 362 577 404 jam
609 362 688 394 satis
719 362 761 393 de
787 361 888 404 hujus
914 361 979 394 loci
1005 363 1149 395 nomine
1175 360 1502 407 fignificationeque.
1556 363 1660 396 Nunc

224 444 445 477 properemus
474 433 516 465 ad
546 433 758 465 fundationis
795 444 863 465 non
897 431 1006 466 solum
1036 435 1144 473 initia,
1179 434 1236 466 sed
1271 435 1486 468 incrementa
1516 446 1660 478 quoque,

225 516 311 548 quae
329 505 407 537 huic
427 503 640 537 Monasterio
659 515 719 547 per
736 503 896 547 posteros,
916 516 995 538 cum
1024 506 1208 539 monachos
1227 511 1262 538 et
1281 507 1432 545 abbates,
1452 511 1528 539 tum
1547 507 1661 551 Reges

224 574 442 609 accesserunt.

270 649 451 680 Proditum
477 646 526 680 cst
552 649 737 680 memoriae
768 648 900 692 Regem
929 648 1042 681 David
1069 648 1130 681 sub
1156 650 1294 682 initium
1320 648 1398 682 suae
1424 651 1458 682 in
1486 650 1660 684 Scoticam

222 720 486 763 Rcmpublicam
517 718 831 758 administrationis,
869 732 938 753 una
972 731 1049 753 cum
1079 720 1192 764 Regni
1218 722 1423 764 primoribus
1450 721 1499 754 sui
1526 723 1660 766 imperii

222 793 386 825 terminos
409 789 558 825 lustrasse
586 803 716 824 omnes.
780 792 849 825 Sed
876 803 955 824 cum
981 793 1109 835 ubique
1135 804 1295 837 magnam
1318 792 1542 837 conspexisset
1562 794 1661 828 vasti-

221 866 303 897 tatis
329 864 558 902 solitudinem,
590 862 788 896 conversum
815 865 912 897 aiunt
939 865 981 897 ad
1007 876 1164 908 proceres
1194 864 1334 897 dixisse:
1367 867 1490 908 ecquid
1517 867 1551 898 111
1578 867 1660 900 orbe

219 943 387 969 terrarum
404 934 448 968 fic
466 933 584 979 paffim
611 936 778 968 haberent
796 936 925 979 regna?
953 936 1008 969 Ac
1026 948 1105 969 011111
1123 935 1302 980 accepisset
1320 938 1431 970 multo
1450 938 1551 971 aliter
1568 939 1659 982 apud

220 1013 357 1040 exteros
386 1008 514 1046 haberi,
533 1019 601 1040 non
629 1019 749 1051 parum
779 1008 907 1046 dolens,
935 1009 1068 1051 inquit:
1106 1009 1186 1051 quid
1217 1021 1297 1053 ergo
1328 1011 1482 1053 impedit,
1502 1022 1570 1053 quo
1597 1012 1660 1042 mi-

220 1092 283 1112 nus
301 1092 372 1115 nos,
392 1078 541 1112 vestrum
560 1081 713 1112 omnium
743 1081 959 1113 adminiculis
986 1080 1115 1113 suffulti
1134 1079 1400 1124 Rempublicam
1428 1094 1447 1114 a
1475 1083 1660 1115 maioribus

219 1152 451 1196 negligentius
477 1153 673 1191 t1·a·5tatun1‚
704 1157 926 1184 externorum
954 1152 1090 1195 Regum
1127 1153 1288 1196 exemplo
1326 1154 1426 1192 bono,
1453 1155 1486 1186 111
1514 1155 1658 1188 formam

220 1225 370 1267 aliquam
389 1225 623 1257 decentiorem
642 1225 829 1268 cogamus?
880 1223 1093 1268 Responsum
1113 1224 1162 1257 est
1188 1237 1206 1258 a
1226 1226 1460 1265 nobilioribus,
1480 1225 1505 1258 11
1527 1227 1605 1259 Rex
1624 1229 1658 1259 in

220 1298 373 1329 animum
404 1297 583 1329 induceret
608 1295 706 1329 suuni
736 1296 929 1339 hujusmodi
959 1297 1168 1340 opinionem,
1198 1297 1298 1330 facile
1329 1299 1597 1331 adinventurum
1625 1305 1660 1332 et

221 1368 430 1401 consultores
447 1369 566 1406 bonos9
585 1372 620 1400 et
639 1368 812 1411 adjutores
830 1379 976 1411 quoque.
1029 1369 1070 1401 Id
1096 1381 1174 1401 cuin
1202 1368 1380 1402 audiviss'et
1400 1370 1477 1403 Rex
1497 1372 1658 1414 optimus.

222 1452 303 1484 prae
321 1441 425 1473 animi
444 1440 578 1473 laetitia
594 1438 742 1484 gestiens
760 1441 968 1483 hilariorque
995 1441 1114 1479 factus,
1132 1443 1260 1485 gratias
1278 1443 1348 1486 egit
1367 1442 1433 1475 suis
1451 1443 1518 1475 illis
1538 1444 1660 1476 nobili-

222 1513 285 1544 bus
304 1513 346 1544 de
371 1512 431 1545 tali
451 1523 531 1556 erga
548 1511 581 1544 se
600 1517 635 1544 et
655 1512 920 1555 Rempublicam
946 1513 1083 1545 animo:
1111 1513 1302 1546 identidem
1327 1514 1494 1557 pollicens
1524 1514 1658 1558 auspice

222 1584 297 1617 Deo
316 1590 351 1617 et
370 1585 441 1617 vita
458 1585 587 1617 comite
601 1583 635 1617 se
652 1584 810 1617 manibus
828 1584 1039 1627 pedibusque
1058 1592 1268 1623 curaturum,
1284 1591 1322 1618 ut
1340 1586 1519 1619 meliorem
1537 1588 1647 1620 multo

222 1654 363 1699 posteris
389 1657 541 1689 traderet
572 1656 848 1699 Rempublicam,
868 1667 969 1698 quam
996 1668 1016 1689 a
1041 1657 1226 1700 majoribus
1256 1657 1323 1690 suis
1353 1658 1542 1702 accepifl'et.
1599 1660 1653 1692 Ac

222 1740 299 1761 cum
319 1729 451 1761 videret
475 1729 542 1761 duo
567 1726 779 1771 potiflimum
797 1727 944 1761 existere
961 1740 1022 1771 per
1039 1740 1127 1771 quae
1153 1729 1369 1762 florescerent
1388 1731 1558 1764 humanae
1578 1732 1659 1765 Res-

221 1801 388 1844 publicae,
406 1800 535 1834 scilicet
554 1800 782 1845 Religionem,
801 1804 836 1833 et
854 1801 1021 1833 bonarum
1047 1801 1164 1845 legum
1182 1801 1484 1836 constitutionem:
1514 1805 1656 1847 utrique

222 1874 375 1905 animum
401 1873 564 1906 admovit.
616 1872 770 1905 Primum
799 1873 930 1915 aliquot
956 1873 1150 1912 nobiliores,
1173 1874 1206 1906 in
1236 1874 1359 1916 quibus
1387 1876 1500 1907 inerat
1527 1876 1658 1909 summa

223 1945 407 1988 prudentia
423 1955 502 1977 cum
521 1943 608 1977 iusta
633 1945 826 1977 eruditione
844 1945 1034 1983 eoniun&a‚
1050 1945 1180 1989 delegit
1199 1956 1284 1988 quos
1302 1947 1337 1978 in
1356 1951 1518 1979 externas
1536 1954 1658 1991 gentes

224 2018 390 2054 mitteret,
417 2017 458 2049 ad
487 2015 724 2049 describendas
752 2016 845 2060 leges
871 2021 907 2049 et
936 2027 1048 2049 mores
1077 2015 1338 2060 probatiffimos.
1394 2018 1497 2052 Brevi
1530 2020 1656 2053 1118111111

225 2087 284 2125 est,
304 2092 343 2120 ut
368 2087 487 2120 multis
514 2088 646 2132 legibus
673 2093 708 2120 et
739 2089 862 2121 ritibus
889 2089 925 2121 in
950 2100 1058 2121 unum
1087 2088 1296 2133 conscriptis,
1314 2090 1349 2123 hi
1368 2092 1431 2123 viri
1457 2092 1590 2125 nobiles
1615 2093 1657 2125 ad

230 2159 363 2203 Regem
380 2157 477 2192 suum
503 2171 571 2191 non
598 2161 808 2203 inexpe&ati
834 2161 1021 2193 redierunt.
1073 2160 1154 2194 Post
1181 2162 1312 2205 aliquot
1339 2163 1421 2202 dies,
1440 2161 1543 2207 ipsius
1569 2166 1657 2208 regis

226 2233 378 2275 1111110110,
397 2232 553 2264 0006111111
571 2230 621 2264 est
639 2243 683 2264 ex
701 2231 864 2265 universis
883 2232 996 2277 Regni
1022 2233 1147 2265 finibus
1173 2234 1368 2273 concilium,
1387 2235 1429 2268 ad
1457 2235 1656 2280 deligendas

226 2316 268 2337 ex
287 2315 327 2337 eo
345 2303 539 2336 tabularum
558 2314 680 2336 acervo
703 2304 805 2348 leges,
825 2304 963 2338 Scotico
989 2305 1115 2348 populo
1143 2304 1260 2349 postea
1286 2307 1418 2339 futuras
1446 2308 1479 2339 in
1500 2307 1579 2350 jure
1609 2308 1657 2340 di-
