1861 2786
614 264 928 299 MONASTERII
955 265 989 298 A
1017 265 1234 298 KYNLOS.
1604 269 1638 297 ll

263 472 547 505 LITERATISSIMO
568 480 788 503 VETUSTATIS
806 480 1000 503 ASSERTORI
1023 480 1166 502 DOMINO
1187 470 1361 502 RoBERTo
1381 469 1580 503 STEPHANo

538 544 744 576 SUPERIORI
764 553 785 575 A
804 542 903 575 Dum
922 553 988 575 εγω
1008 552 1239 581 οιυιῑιςεωιο,
1259 542 1294 574 S.

245 688 406 720 COLLEGI
425 686 653 731 superioribus
671 688 802 725 diebus,
824 686 889 720 Vir
906 685 1107 726 suavissime,
1123 688 1372 732 praegrandem
1386 687 1515 732 sylvam
1530 690 1639 721 moni-

196 767 393 795 mentorum
412 767 570 794 veterum
589 773 608 794 a
634 761 780 804 Kynlos,
808 761 916 793 veluti
943 761 1124 793 materiam
1151 760 1267 793 futuro
1295 761 1388 803 operi
1415 765 1451 793 et
1478 759 1637 793 historiae

194 834 366 866 texendae
383 834 538 876 adprimo
556 830 786 865 necessariam.
828 832 961 865 Verum
980 833 1015 864 in
1033 833 1094 870 his,
1110 832 1273 876 pleraque
1288 834 1425 865 invenio
1443 832 1637 866 obscuriora

194 906 339 938 nimium
357 910 393 937 et
418 904 543 937 mutila
569 906 687 949 magis,
715 916 816 947 quam
844 910 883 937 ut
903 906 1039 937 veritati
1066 903 1226 938 historiae
1253 905 1404 948 copulari
1431 906 1534 949 digne
1556 905 1635 939 satis

193 982 343 1020 queant:
371 974 431 1009 nifi
449 977 589 1010 aliunde
616 976 786 1009 refulserit
812 977 871 1009 lux
900 977 1079 1020 aliquanto
1107 977 1225 1020 major.
1277 976 1324 1010 Et
1350 975 1429 1010 sunt
1455 978 1491 1010 in
1518 978 1635 1010 Scotia

192 1050 250 1092 qui
268 1049 321 1082 his
338 1049 490 1082 tenebris
508 1049 659 1081 multum
677 1049 817 1081 luminis
836 1049 969 1082 adferre
995 1047 1129 1092 poffint,
1159 1047 1183 1082 fi
1210 1054 1394 1096 rogent-um
1421 1051 1511 1094 apud
1540 1062 1634 1094 quos,

192 1121 328 1154 infinita
346 1119 526 1154 vetustatis
544 1119 669 1164 scripta
686 1120 856 1154 adservari
874 1132 944 1153 non
962 1122 1169 1165 ignoramus.
1206 1121 1285 1159 Sed,
1300 1122 1435 1155 nullum
1451 1123 1553 1166 plane
1566 1122 1634 1156 scio

192 1193 379 1232 hominem,
398 1194 456 1236 qui
474 1198 547 1226 tam
565 1193 664 1225 nobis
682 1191 781 1236 poffit
800 1197 836 1226 et
855 1193 939 1226 velit
958 1194 1177 1226 commodare
1196 1195 1231 1227 in
1249 1195 1314 1227 hoc
1333 1206 1445 1238 opere,
1473 1207 1576 1238 quam
1595 1200 1634 1227 tu

193 1277 291 1303 unus,
311 1270 347 1298 et
365 1263 546 1298 vetustatis
564 1264 727 1303 adsertor,
746 1270 782 1298 et
799 1263 1026 1298 studiosorum
1044 1267 1200 1298 omnium
1219 1267 1349 1299 amicus
1376 1268 1529 1310 adprime
1555 1280 1634 1301 can-

192 1338 292 1370 didus
311 1335 409 1370 fimul
427 1342 463 1370 et
481 1338 647 1370 eruditus.
700 1338 850 1370 Proinde
868 1349 951 1382 rogo
968 1342 1009 1370 ut
1035 1349 1078 1370 ex
1105 1342 1245 1370 tuorum
1264 1338 1447 1372 Abbatum
1465 1340 1631 1385 catalogo,

191 1420 354 1453 excerpas
372 1407 396 1441 fi
415 1421 500 1452 quos
517 1410 622 1442 habes
642 1410 761 1450 (habes
779 1410 872 1442 enim
890 1410 1029 1448 multos,
1048 1409 1129 1453 seio)
1148 1411 1291 1443 abbates
1309 1423 1329 1444 a
1346 1410 1492 1455 Kynlos,
1507 1417 1542 1445 et
1557 1412 1633 1445 illos

190 1482 231 1514 ad
250 1493 306 1514 me
324 1483 453 1514 mittas.
506 1481 583 1514 Nee
602 1493 687 1525 opus
705 1479 754 1514 est
772 1482 871 1514 nobis
890 1486 949 1514 tuo
964 1482 1007 1515 ad
1024 1482 1113 1515 hane
1131 1494 1205 1515 rem
1223 1494 1315 1516 nunc
1334 1483 1466 1516 summo
1494 1485 1609 1518 labore
1624 1497 1632 1523 ;

189 1558 327 1586 tantum
345 1553 562 1586 transcribito
580 1555 616 1586 in
634 1552 789 1586 nostrum
806 1553 965 1586 libellum
979 1565 1040 1597 per
1053 1553 1129 1587 suos
1147 1555 1240 1588 locos
1259 1556 1369 1589 tribus
1383 1557 1496 1589 verbis
1514 1557 1632 1591 Abba-

190 1631 265 1658 tum
284 1626 433 1664 nomina,
452 1626 618 1664 ordinem,
638 1630 673 1659 et
691 1637 821 1659 annum
840 1627 980 1659 domini.
1020 1627 1238 1671 Significabis
1253 1629 1358 1661 etiam
1370 1640 1414 1662 an
1426 1630 1489 1662 viri
1502 1630 1631 1663 fuerint

188 1697 348 1741 frugales,
367 1709 411 1730 an
428 1709 549 1741 parum
568 1699 657 1742 frugi
684 1699 861 1732 homines:
890 1704 925 1732 et
956 1711 1023 1742 quo
1051 1700 1150 1743 [13ἃο
1178 1701 1287 1733 eveffi
1314 1700 1393 1734 sunt
1423 1702 1466 1734 ad
1496 1706 1630 1735 tantam

189 1769 406 1813 dignitatem,
422 1781 466 1802 an
480 1771 644 1803 canonice
658 1770 713 1803 vel
727 1782 789 1814 per
799 1772 1026 1804 ambitionem
1038 1773 1163 1815 potius.
1217 1773 1402 1806 Praeterea
1415 1774 1553 1818 adjicies
1565 1775 1628 1813 his,

188 1841 335 1884 paucula
352 1842 520 1884 quaedam
540 1843 582 1875 de
600 1843 711 1885 primo
730 1841 842 1876 vestro
860 1844 987 1876 abbate
1005 1848 1040 1876 et
1058 1845 1236 1877 monachis
1255 1844 1322 1877 illis
1340 1846 1398 1888 qui
1420 1857 1499 1878 eum
1526 1858 1566 1879 eo
1585 1859 1628 1880 ex

188 1912 324 1956 Kynlos
342 1914 491 1956 primum
510 1915 576 1947 huc
595 1916 875 1959 commigrarunt.
910 1915 965 1948 Ac
980 1917 1115 1959 quoties
1128 1915 1287 1949 Abbates
1301 1929 1344 1950 ex
1359 1917 1495 1962 Kynlos
1508 1930 1628 1963 accep-

188 1985 292 2017 eritis.
332 1985 400 2024 Qui
419 1986 524 2019 etiam
543 1998 586 2018 ex
605 1984 733 2025 vestris,
753 1987 796 2019 ad
814 1986 950 2030 Kynlos
969 1988 1137 2026 venerint,
1156 1993 1322 2032 tanquam
1336 1988 1486 2033 pastores
1504 1992 1628 2024 rebbor-

187 2056 297 2099 esque.
338 2057 385 2090 Et
403 2056 428 2090 fi
446 2059 528 2100 quid
546 2063 725 2101 praeterea
742 2059 847 2091 habes
865 2062 1032 2094 memoria
1050 2061 1203 2105 dignum,
1219 2063 1317 2095 nobis
1331 2066 1625 2098 communicatum

186 2128 290 2160 voles.
342 2129 444 2168 Quod
473 2128 497 2162 fi
529 2131 659 2168 feceris,
688 2131 814 2164 curabo
841 2131 1014 2176 intelligas
1045 2138 1081 2166 te
1107 2145 1324 2178 nequaquam
1351 2134 1460 2170 lufiffe
1485 2148 1625 2181 operam

186 2200 363 2233 adversum
382 2213 460 2234 eum
480 2203 538 2245 qui
557 2207 593 2235 te
619 2203 720 2236 unice
750 2203 880 2247 diligat,
907 2215 987 2237 eum
1018 2209 1093 2238 toto
1123 2211 1183 2239 tuo
1214 2207 1398 2241 Conventa
1429 2214 1465 2242 et
1482 2209 1623 2244 Abbate

183 2273 323 2315 optimo.
379 2273 476 2306 Vale.
495 2273 601 2317 Apud
621 2274 766 2318 Kynlos,
786 2276 870 2318 prid.
889 2287 969 2309 non.
990 2276 1073 2310 Feb.
1096 2281 1196 2315 1537.
1216 2279 1359 2313 Calculo
1378 2280 1442 2313 Ro.

389 2344 483 2378 Tuus
501 2357 544 2378 ex
563 2348 687 2385 animo,
706 2347 728 2380 J
732 2357 874 2380 oANNEs
893 2348 1107 2383 FERm-:Rms
1126 2350 1417 2385 Pedemontanus.

876 2421 934 2463 1³†
