1861 2786
602 272 922 307 MONASTERII
949 274 983 308 A
1010 274 1230 309 KYNLOS.
1596 284 1637 315 79

193 371 227 401 in
257 369 391 412 Kynlos
422 368 558 411 adjecit,
588 370 621 401 in
652 380 719 412 qua
746 370 788 402 ad
819 375 1002 413 utramque
1033 376 1166 414 partem
1197 372 1265 404 duo
1296 372 1442 406 fumaria
1472 374 1639 406 fornicata

193 439 358 484 adposuit.
409 440 587 483 Coquinac
613 442 747 474 accedit
766 452 854 474 unus
872 447 977 484 atque
995 442 1084 475 alter
1101 443 1232 482 furnus,
1251 442 1443 487 pistrinum,
1463 450 1498 478 et
1517 445 1638 478 domus

191 512 301 545 altera
325 513 368 545 ad
394 512 524 545 farinae
542 510 752 550 custodiann
779 514 895 546 omnia
913 525 991 547 cum
1011 513 1142 553 solario,
1162 515 1315 558 ejusdem
1333 516 1487 550 Thomae
1505 517 1638 550 abbatis

192 582 351 628 impensis
370 583 605 618 decentissime
623 583 804 619 exstructa.

240 657 364 700 Nuper
381 658 487 690 etiam
505 656 672 701 transegit
690 658 732 691 de
751 656 992 691 constituendo
1010 664 1116 702 ponte
1134 659 1236 703 super
1263 664 1418 694 torrente
1445 661 1584 694 fluentis
1603 668 1637 693 et

191 729 375 762 defluentis
392 730 505 768 maris,
523 730 627 773 juxta
640 735 775 773 portam
793 728 1000 763 monasterii.
1053 731 1226 765 Parantur
1244 732 1354 765 indies
1373 733 1415 765 ad
1434 744 1511 766 eam
1531 732 1637 766 struc-

190 807 304 834 turam
332 801 471 845 lapideS,
498 807 533 835 et
560 807 642 835 ante
668 803 865 845 proximum
896 802 1025 836 Pascha
1053 804 1107 845 (ut
1133 803 1301 849 speratur)
1330 816 1384 838 res
1408 805 1512 838 finem
1542 806 1637 838 adin-

190 875 316 906 veniet.

237 946 307 979 Sed
326 946 467 991 longum
486 947 575 978 forte
599 944 659 984 est,
679 946 770 989 quod
790 946 910 979 damus
926 958 934 985 ;
965 946 1102 991 Operae
1120 949 1278 991 precium
1298 949 1403 981 fuerit
1422 960 1510 992 quae
1529 951 1635 994 magis

189 1019 231 1051 ad
250 1019 398 1051 hominis
416 1018 661 1051 excellentiam
679 1017 845 1062 spefflmnt,
865 1019 983 1062 paucis
1010 1019 1171 1051 indicare.
1223 1018 1281 1051 Sic
1300 1020 1409 1052 virtus
1429 1019 1499 1063 ipsa
1517 1021 1635 1064 ignota

190 1091 318 1129 multis,
337 1091 411 1134 jam
430 1096 534 1134 caput
551 1102 693 1124 exerere
712 1092 864 1134 incipiet.
916 1091 971 1124 Ac
989 1089 1161 1124 constabit
1176 1091 1341 1125 facillime
1367 1103 1470 1135 quam
1489 1103 1634 1136 magnus

188 1168 261 1195 erat
292 1163 429 1195 futurus
460 1163 620 1195 dominus
655 1163 813 1200 Thomas,
845 1161 870 1195 fi
900 1174 941 1195 ea
971 1163 1142 1206 cupiditas
1175 1164 1347 1196 honorum
1382 1175 1450 1207 qua
1479 1164 1634 1208 plerique

188 1239 353 1267 tenentur
371 1232 542 1267 insedisset
560 1236 696 1271 animo;
716 1236 831 1271 immo.
851 1238 981 1277 quanto
999 1236 1172 1268 maximus
1191 1233 1232 1268 fit
1246 1237 1304 1278 qui
1323 1236 1383 1269 illa
1400 1248 1489 1279 quae
1507 1240 1633 1269 caeteri

189 1308 367 1344 mirantur,
396 1311 582 1339 contentus
608 1306 668 1339 sua
693 1305 792 1345 sorte,
811 1306 945 1350 semper
962 1305 1137 1350 spreverit.
1190 1308 1315 1341 Voluit
1342 1308 1527 1342 Scotorum
1556 1310 1632 1342 Rex

186 1379 337 1411 Jacobus
363 1376 605 1411 illustriffimus
623 1379 696 1422 ejus
715 1380 864 1412 nominis
883 1383 1034 1421 quartuS‚
1062 1380 1241 1413 (lominum
1268 1380 1437 1414 Thomam
1456 1383 1491 1413 in
1510 1383 1633 1425 prinia-

186 1453 274 1483 rium
292 1450 341 1483 sui
366 1450 516 1484 instituti
542 1451 656 1484 locum
684 1463 744 1494 per
771 1451 910 1484 Scotiae
937 1453 1149 1494 provinciam
1176 1452 1413 1486 transcribere.
1466 1453 1536 1486 Sed
1563 1465 1633 1486 1110-

188 1523 302 1556 ‹lestus
328 1529 364 1557 et
390 1524 532 1568 frugalis
554 1525 606 1556 vir
631 1524 755 1556 maluit
781 1525 948 1568 exiguum
975 1529 1010 1556 et
1038 1524 1264 1567 tranquillum
1283 1524 1343 1558 sua
1361 1537 1464 1569 opera
1482 1524 1634 1558 exstrue-

186 1604 259 1628 tuni
287 1597 401 1629 locum
420 1594 596 1640 poffidere,
622 1607 724 1639 quain
751 1597 865 1629 denuo
892 1607 970 1629 cum
997 1595 1195 1629 adversariis
1221 1597 1340 1629 multis
1367 1599 1402 1630 in
1428 1596 1632 1641 ainpliflinw

185 1681 204 1701 a
224 1668 371 1701 Melross
385 1667 590 1702 monasterio
608 1669 775 1702 fluctuari.
828 1668 960 1702 Eadem
979 1670 1123 1707 ratione,
1142 1669 1285 1702 alterius
1303 1668 1497 1713 ampliffimi
1516 1682 1633 1703 monn-

186 1739 277 1773 sterii
305 1752 324 1773 a
350 1740 539 1774 Dribrocht
569 1752 715 1784 aequam
745 1753 765 1774 a
792 1740 963 1774 Formano
993 1741 1244 1784 archipraesule
1270 1748 1305 1775 et
1332 1741 1471 1775 scotiae
1499 1742 1631 1787 Legato

186 1813 301 1845 datam
326 1814 571 1851 conditionem,
590 1813 756 1857 neglexit.
802 1813 880 1846 Nec
898 1812 1131 1857 episcopatum
1160 1812 1295 1847 Roffiae
1321 1815 1425 1847 toties
1452 1815 1495 1847 ab
1521 1817 1631 1848 amico

184 1883 338 1928 praesule
357 1885 496 1917 domino
523 1885 678 1918 Roberto
704 1884 893 1918 Cokburne
919 1885 1085 1923 oblatum,
1113 1897 1265 1929 unquam
1293 1887 1346 1925 (ut
1373 1887 1488 1919 exitus
1514 1886 1630 1930 postea

184 1958 314 1999 docuit)
334 1958 448 2001 magni
467 1957 560 1990 fecit.

233 2028 322 2062 Usus
356 2027 406 2061 est
440 2034 618 2072 praeterea
651 2027 701 2061 sui
736 2029 864 2061 ordinis
898 2030 1110 2062 authoritate
1146 2029 1287 2068 1111111113,
1323 2031 1365 2063 ad
1397 2028 1624 2063 visitationem

184 2101 300 2144 (quam
316 2104 454 2143 vocant)
481 2113 542 2144 per
569 2100 761 2134 universam
785 2100 923 2134 Scotiae
941 2102 1163 2145 provinciam.
1215 2101 1336 2145 Atque
1355 2114 1398 2135 ex
1417 2103 1538 2142 officio,
1558 2103 1627 2136 sae—

183 2172 336 2216 piuscule
354 2171 559 2206 monasteria
577 2185 596 2206 a
610 2173 716 2206 Deire
728 2178 764 2206 et
779 2172 916 2206 Culross
930 2174 965 2206 in
982 2172 1049 2206 suis
1068 2175 1272 2207 ceremoniis
1290 2174 1447 2218 collapsa,
1464 2174 1625 2207 restituit.

185 2245 383 2289 Imperante
409 2246 515 2278 etiam
541 2245 673 2278 Jacobo
701 2250 834 2288 quarto.
862 2251 897 2278 et
923 2246 1135 2279 authoritate
1161 2247 1289 2280 ordinis
1316 2258 1383 2290 qua
1408 2248 1443 2279 in
1471 2259 1510 2280 ea
1529 2252 1626 2290 parte

183 2317 401 2362 fungebatur,
431 2317 592 2350 abbatem
621 2330 640 2350 a
667 2317 814 2350 Melross
846 2318 1023 2351 dominum
1055 2318 1271 2352 Gulielmum
1302 2319 1483 2353 Trumbull
1513 2320 1622 2351 virum
