1861 2786
218 263 260 295 36
680 259 919 293 HISTORIA
946 259 1194 294 ABBATUM

220 357 413 390 declaratus
432 353 480 388 est
498 355 602 388 abbas
622 352 826 388 Monasterii
844 366 864 388 a
881 355 1027 399 Kynlos,
1046 355 1107 388 sub
1125 355 1328 389 Alexandro
1342 354 1474 389 summo
1488 357 1651 400 pontifice

218 429 291 471 ejus
308 428 456 461 nominis
475 426 581 460 sexto.

267 500 325 533 Ab
344 511 383 532 eo
403 504 558 542 tempore
574 498 627 540 (ut
645 499 748 532 latius
768 499 932 543 scriptum
958 498 1008 533 est
1027 512 1046 533 a
1064 500 1162 533 nobis
1180 502 1215 533 in
1237 499 1339 544 ipsius
1363 501 1448 544 vita)
1476 501 1510 533 in
1529 499 1653 534 consti-

221 572 349 604 tuendo
374 569 590 609 monasterio,
618 572 653 603 in
679 570 949 604 adversariorum
975 573 1210 611 contentione,
1239 574 1274 605 in
1301 571 1529 606 instaurandis
1556 578 1653 605 vetu-

219 642 307 676 state
320 641 451 676 rimosis
465 643 637 681 aedificiis,
656 644 691 675 in
703 644 871 686 ponendis
890 647 925 676 et
944 645 1137 676 excitandis
1152 645 1249 677 novis
1263 645 1414 683 aedibus,
1434 646 1469 677 in
1488 645 1652 679 emendis,

219 726 297 747 cum
323 716 367 748 ad
392 714 490 747 usum
514 713 593 748 suae
620 715 771 748 familiae
799 720 875 747 tum
900 714 1139 754 sacrificorum,
1169 714 1254 748 vasis
1284 717 1456 760 argenteis
1488 721 1523 749 et
1552 716 1654 750 sacris

220 786 378 826 vestibus,
405 789 439 820 in
467 788 629 832 cogendis
654 787 787 830 aliquot
813 786 968 831 collapsis
993 788 1169 820 monachis
1195 788 1230 820 in
1249 789 1414 827 ordinem,
1433 793 1469 821 et
1487 789 1520 821 id
1546 800 1655 833 genus

221 859 295 892 aliis
313 871 401 903 pene
419 860 573 897 infinitis,
592 864 687 892 totus
705 860 781 892 fuit.

268 931 323 964 Ae
352 943 431 964 cum
458 932 591 964 videret
617 931 660 964 ab
691 936 806 964 aetate
835 930 870 963 se
896 932 931 963 in
962 942 1183 964 communem
1214 936 1362 964 mortem
1393 943 1583 975 properare,
1615 937 1655 964 ut

221 1004 286 1037 suis
312 1005 347 1037 in
373 1004 511 1048 longa-n]
542 1008 693 1036 aetatem
724 1001 917 1036 consuleret
943 1003 1127 1041 laboribus,
1154 1014 1244 1036 anno
1272 1003 1315 1036 60
1342 1002 1521 1046 postquam
1552 1009 1654 1036 natus

221 1081 305 1115 erat,
336 1077 447 1108 virum
482 1076 641 1108 omnibns
675 1075 785 1107 modis
816 1072 1130 1113 celebratissimum,
1157 1079 1193 1107 et
1224 1073 1397 1108 Ecclesiae
1428 1074 1654 1108 Moraviensis

221 1148 468 1181 sub-decanum
494 1147 546 1179 M.
574 1147 767 1179 Robertum
795 1146 894 1183 Reid,
921 1157 1013 1179 nunc
1040 1146 1294 1179 Maecaenatem
1320 1161 1365 1188 Ab
1380 1172 1449 1188 anno
1467 1164 1539 1189 1528
1555 1162 1588 1188 ad
1609 1172 1657 1189 an-

221 1231 347 1258 meum,
379 1220 413 1251 in
444 1220 600 1252 futurum
631 1219 792 1251 abbatem
823 1218 962 1262 delegit.
989 1216 1070 1250 Post
1099 1216 1292 1251 successoris
1318 1234 1383 1251 num
1400 1227 1472 1251 1539
1495 1229 1522 1251 et
1543 1224 1657 1261 amplius

222 1292 435 1330 elestionem,
462 1301 569 1323 annos
595 1290 672 1334 plus
697 1291 811 1322 minus
837 1289 970 1333 septem
995 1291 1093 1322 vixit.
1321 1287 1342 1313 si
1357 1287 1465 1313 faveant
1479 1287 1576 1323 superi.

270 1363 313 1396 In
342 1362 483 1401 summa,
515 1363 558 1396 ab
588 1374 628 1395 eo
663 1373 752 1395 anno
783 1373 850 1405 quo
880 1363 1030 1405 primum
1064 1362 1178 1395 editus
1206 1360 1256 1395 est
1285 1363 1320 1394 in
1350 1362 1464 1395 lucem
1494 1363 1653 1394 dominus

222 1434 380 1473 Thomas,
413 1435 454 1468 ad
485 1439 682 1467 extremum
708 1435 800 1466 vitae
831 1434 933 1472 diem,
962 1434 1067 1466 etiam
1098 1432 1201 1477 ipfius
1228 1431 1444 1473 confessione,
1475 1445 1582 1467 annos
1612 1435 1656 1470 67

226 1506 379 1540 absolvit.

269 1579 385 1611 Tertio
413 1582 529 1611 autem
560 1577 633 1610 Cal.
664 1577 819 1610 Januarii
849 1576 984 1609 dolatus
1014 1577 1057 1609 ad
1087 1575 1339 1609 Monasterium
1369 1588 1389 1610 a
1416 1576 1561 1620 Kynlo‚3‚
1592 1576 1652 1610 sub

224 1651 360 1683 noaem
378 1651 413 1682 in
431 1648 608 1693 sepulchro
626 1661 646 1682 a
661 1648 696 1681 se
710 1646 897 1681 constituto
911 1648 1067 1691 proxime
1081 1649 1123 1680 ad
1137 1647 1304 1681 sumniam
1319 1660 1412 1681 aram
1426 1648 1580 1692 sepultus
1595 1648 1657 1682 est.

271 1722 369 1755 Obiit
400 1721 569 1764 Strathily
603 1732 643 1754 ea
678 1721 787 1758 nocte,
814 1731 902 1763 quae
934 1718 1088 1762 sequitur
1122 1723 1142 1752 4
1179 1719 1251 1752 Cal.
1281 1720 1448 1758 Januarii,
1479 1721 1561 1753 hora
1587 1721 1658 1753 fere

224 1794 414 1832 undecima,
434 1804 523 1826 anno
543 1792 684 1825 Domini
706 1795 806 1825 1535.

274 1864 389 1908 Hujus
419 1865 552 1897 abbatis
582 1869 747 1907 tempore,
779 1864 938 1896 dominus
963 1863 1117 1896 Joannes
1144 1863 1351 1902 Gordonius,
1382 1865 1518 1896 comit-is
1550 1863 1659 1896 Alex-

223 1937 319 1969 andri
346 1936 436 1968 fllius
462 1941 547 1968 natu
572 1936 689 1979 major,
717 1936 932 1978 quorundam
962 1935 1174 1969 nebulonum
1205 1934 1363 1979 impulsu,
1395 1947 1485 1968 anno
1517 1935 1657 1968 Domini

227 2011 328 2045 1515,
347 2008 402 2040 die
417 2011 460 2043 ⁶27
475 2005 598 2040 mensis
614 2007 827 2045 Decembris,
846 2007 1059 2050 irrumpebat
1075 2006 1136 2039 sub
1151 2006 1326 2050 vesperam
1344 2008 1380 2039 in
1398 2007 1501 2051 adyta
1520 2006 1660 2040 Monas-

224 2079 302 2112 terii
321 2090 341 2111 a
358 2078 502 2121 Kynlos,
521 2090 560 2111 ae
578 2078 738 2111 scrinium
756 2077 931 2122 cujusdam
949 2077 1112 2111 honestae
1130 2082 1307 2111 matronae
1334 2079 1493 2111 dominae
1520 2078 1659 2122 Marga-

225 2154 319 2183 retae
338 2149 473 2188 Mouat,
492 2150 528 2182 in
547 2161 613 2192 quo
631 2148 888 2183 asservabantur
905 2150 1036 2193 aliquot
1054 2149 1240 2193 scripturae
1258 2161 1337 2182 cum
1355 2150 1532 2182 nonnullis
1557 2161 1660 2193 pecu-

225 2222 301 2260 niis,
313 2221 492 2265 confregit.
524 2220 713 2264 Suppilatis
728 2232 864 2264 quoque
876 2220 1014 2259 scriniis,
1030 2222 1064 2253 in
1079 2221 1211 2254 Gallias
1224 2221 1395 2265 profethis
1410 2220 1469 2254 est.
1501 2220 1570 2253 Sed
1584 2220 1660 2253 Nu—

225 2294 318 2326 mine
336 2293 380 2326 ob
396 2292 505 2326 scelus
523 2296 697 2336 patratum
719 2293 878 2337 agitatus,
904 2304 974 2325 non
1000 2293 1113 2335 potuit
1139 2293 1229 2336 apud
1249 2293 1368 2326 Gallos
1387 2293 1516 2326 diutius
1534 2293 1659 2331 vivere,
