1861 2786
596 266 916 300 MONASTERII
942 266 977 300 A
1004 266 1223 301 KYNLOS.
1522 307 1524 310 ,
1591 270 1633 305 69

189 363 319 408 Agim&
347 373 450 406 quam
474 362 556 395 olim
583 363 618 395 in
645 373 790 395 uxorem
815 361 967 396 Jacobus
986 362 1146 406 Ogilvius
1164 375 1184 396 a
1207 362 1363 396 Finlater
1384 362 1536 396 habuisse
1561 375 1633 397 me—

191 436 318 468 moriae
336 435 510 478 proditum
537 432 595 467 est.
647 434 818 477 Coeperat
844 434 903 467 illa
929 446 1007 467 cum
1025 436 1160 473 abbate,
1181 435 1224 468 de
1244 447 1325 479 agro
1351 436 1442 479 apud
1461 435 1632 480 Strathily

189 509 329 540 nomine
355 505 567 545 Hawinthfe,
594 505 714 550 spiritu
733 507 872 550 plenam
890 508 1175 546 contentionem3
1202 506 1259 540 sed
1286 507 1421 540 abbatis
1440 508 1631 552 vigilantia,

189 580 346 623 protinus
371 580 458 612 hanc
484 578 659 612 flammam
685 576 859 622 1·epreffit;
886 590 950 611 nec
969 579 1089 612 lu&ari
1116 579 1175 611 diu
1192 580 1310 622 potuit
1337 579 1398 612 illa
1415 581 1498 625 quin
1516 579 1631 613 statim

188 650 288 685 causa
306 653 454 685 caderet.
506 650 562 684 Ita
580 662 632 684 res
650 652 693 684 ad
711 651 875 684 abbatem
891 648 1106 683 meritiffime
1125 651 1237 684 rediit.

237 723 331 756 Illud
362 723 473 756 multo
504 722 703 756 laboriosius
730 724 821 766 quod
851 724 887 756 in
918 723 1097 756 dominum
1119 723 1294 756 Joannem
1322 722 1442 757 Inness
1468 724 1630 758 abbatem

190 794 389 829 monasterii
409 808 429 829 a
446 795 552 829 Deire
570 797 698 829 factum
722 794 781 829 est.
833 794 895 828 Est
920 797 956 828 in
987 795 1237 839 Buthquhania
1262 797 1353 839 apud
1379 794 1557 830 ecclesiam
1588 797 1631 830 ab

189 868 315 901 Ellone
341 868 424 901 villa
441 879 545 911 quam
562 866 621 900 suo
639 868 780 900 nomine
799 866 936 900 Fethile
963 872 1109 907 vocant;
1136 867 1228 900 illius
1247 868 1351 901 villae
1370 869 1529 907 decimas,
1554 868 1630 902 suas

187 939 254 973 esse
272 940 506 973 contendebat
524 940 629 973 abbas
646 951 667 972 a
684 939 810 978 Deire;
837 940 873 972 in
891 938 1070 972 adversam
1088 938 1296 973 sententiam
1314 940 1464 973 Thomas
1488 941 1593 974 abbas
1611 953 1630 974 a

188 1012 324 1056 Kynlos
342 1012 527 1045 ferebatur.
570 1011 614 1044 In
632 1016 771 1044 tantum
788 1010 830 1044 lis
848 1012 957 1045 crevit
974 1016 1014 1044 ut
1033 1013 1228 1056 cognitores
1256 1013 1288 1044 in
1318 1010 1474 1045 concessu
1493 1013 1629 1056 provin-

189 1085 266 1118 ciali
293 1085 437 1118 abbates
462 1095 582 1117 omnes
609 1081 842 1117 Cisterciensis
867 1081 1017 1116 instituti
1036 1084 1128 1127 apud
1147 1084 1301 1117 Scotiam
1320 1084 1491 1123 habuerit,
1525 1086 1628 1129 idque

188 1157 392 1201 Edinburgi,
420 1158 455 1189 in
490 1156 636 1189 fratrum
672 1156 948 1199 praedicatorum
981 1154 1198 1189 monasterio.
1262 1155 1448 1200 Deinceps,
1483 1158 1518 1189 in
1553 1157 1627 1190 loco

181 1229 308 1272 judicis
342 1228 506 1272 praesulis
535 1229 773 1262 Aberdoniam
803 1229 990 1262 intra&um
1021 1226 1070 1261 est
1100 1230 1290 1273 negotium.
1344 1229 1467 1263 Viaus
1494 1230 1627 1263 duabus

188 1303 284 1345 (quas
312 1303 450 1342 vocant)
477 1300 659 1334 sententiis
687 1301 874 1334 definitivis
898 1301 1003 1334 abbas
1029 1312 1050 1334 a
1072 1300 1179 1333 Deire
1206 1299 1369 1345 superiori
1388 1302 1446 1334 suo
1465 1302 1582 1334 abbati
1607 1314 1627 1334 a

187 1374 322 1418 Kynlos
349 1374 449 1408 facile
475 1372 581 1407 ceffit.
633 1374 727 1407 Hinc
754 1374 863 1407 crevit
889 1384 1024 1407 annuus
1050 1374 1086 1406 in
1112 1373 1249 1417 Kynlos
1274 1374 1328 1415 (ut
1353 1375 1508 1408 referunt
1534 1374 1627 1407 illius

186 1448 251 1480 loci
269 1448 452 1490 oeconomi)
479 1445 598 1480 census
622 1446 849 1490 quadraginta
866 1444 980 1478 solidis
997 1444 1142 1479 scoticis.

233 1519 326 1552 Illud
360 1524 539 1562 praeterea
572 1516 729 1552 immensi
764 1522 800 1551 et
834 1520 940 1562 prope
974 1518 1186 1551 incredibilis
1220 1518 1345 1552 laboris
1379 1530 1459 1553 cum
1493 1519 1625 1553 Jacobo

184 1591 316 1630 Stuart,
336 1591 442 1636 Regis
469 1591 654 1625 Scotorum
671 1591 752 1630 filio,
772 1590 952 1624 Moraviae
978 1591 1105 1623 comite
1131 1591 1174 1624 de
1200 1590 1445 1634 piscationibus
1465 1590 1623 1625 aestuarii

184 1676 203 1697 a
235 1664 407 1697 Finderne
435 1664 697 1697 contentionem
728 1664 825 1696 inire.
889 1662 1144 1701 Veruntamen,
1174 1668 1274 1696 tanta
1299 1663 1349 1696 est
1377 1663 1510 1708 semper
1539 1664 1622 1696 reai

183 1737 350 1781 potentia,
381 1741 421 1769 ut
451 1736 588 1768 nullum
618 1736 841 1779 quantumvis
866 1733 1036 1768 illustrem
1062 1735 1238 1768 hominem
1265 1736 1301 1768 in
1320 1736 1400 1779 jure
1426 1734 1624 1769 monasterii

183 1809 314 1841 tuendo
341 1808 552 1841 formidaret.
603 1807 728 1850 Itaque
745 1807 865 1840 multis
882 1808 1074 1840 rationibus
1098 1809 1179 1852 egit,
1198 1812 1238 1840 ut
1256 1808 1399 1840 modum
1416 1808 1568 1851 aliquem
1587 1809 1622 1840 in

183 1886 282 1915 tanta
299 1886 441 1924 tamque
459 1882 527 1914 acri
546 1881 771 1913 contentione
789 1879 979 1913 offenderet
997 1879 1063 1912 suis
1081 1881 1184 1914 rebus
1208 1882 1348 1913 omnino
1375 1892 1444 1914 non
1471 1881 1621 1917 malum;

183 1954 217 1986 id
232 1954 323 1997 quod
337 1953 437 1986 facile
451 1951 654 1997 contigisset,
673 1950 698 1985 fi
716 1952 851 1997 legibus
869 1956 904 1985 et
916 1952 986 1996 juri
1005 1951 1063 1985 sua
1080 1952 1214 1996 semper
1231 1951 1402 1987 constaret
1420 1954 1620 1986 authoritas.

183 2025 275 2070 Ergo
303 2037 383 2059 cum
411 2026 544 2058 videret
571 2025 676 2058 abbas
702 2026 860 2068 potentia
876 2026 984 2069 magis
1010 2024 1044 2058 se
1062 2036 1165 2068 quam
1186 2025 1265 2068 jure
1288 2025 1360 2058 ullo
1385 2027 1528 2070 gravari,
1555 2025 1622 2059 alia

182 2098 330 2141 quadam
347 2103 421 2131 arte
439 2109 511 2131 rem
530 2097 636 2142 ipsam
660 2098 824 2141 expedire
842 2098 1002 2131 tentavit.
1054 2097 1133 2131 Nec
1150 2097 1285 2141 prorsus
1302 2097 1488 2131 infeliciter
1505 2095 1618 2131 eeffit:

183 2181 272 2209 nam,
291 2171 350 2203 ubi
369 2174 511 2204 centum
529 2171 727 2214 ottuaginta
744 2174 815 2203 tres
833 2169 936 2203 libras
953 2168 1097 2202 scoticas
1114 2168 1220 2203 semel
1244 2171 1486 2204 annumeravit
1503 2171 1617 2208 abbas,

183 2254 251 2275 non
270 2243 399 2275 invitus
416 2241 474 2275 suo
487 2242 558 2286 juri
577 2243 612 2274 in
630 2246 838 2286 perpetuum
856 2243 1073 2275 renunciavit
1092 2253 1216 2275 comes.

231 2314 326 2347 Dum
349 2315 433 2348 talia
457 2314 601 2348 molitur
618 2315 670 2347 vir
690 2314 924 2359 infatigabilis,
951 2315 1057 2348 etiam
1080 2313 1264 2358 collapsam
1282 2318 1318 2347 et
1336 2325 1425 2358 pene
1448 2315 1616 2357 majorum
