1861 2786
218 280 261 313 78
680 273 919 308 HISTORIA
947 273 1151 309 ABBATU
1160 275 1201 308 M

269 371 371 409 Item,
390 370 492 403 villae
510 381 530 402 a
548 369 731 408 Frefeilde,
845 395 858 416 q.
959 395 965 401 .
1065 396 1072 401 .
1172 396 1178 401 .
1279 396 1285 401 .
1386 370 1496 403 Marc.
1517 374 1547 403 4.

269 442 371 480 Item,
390 453 410 475 a
428 441 648 479 Dundurcus‚
741 467 747 473 .
848 467 854 473 .
957 467 963 473 .
1065 468 1071 473 .
1173 467 1179 473 .
1280 468 1286 473 .
1387 441 1498 476 Marc.
1522 446 1573 475 10.

270 514 372 552 Item,
391 513 434 546 ab
452 511 595 546 ecclefia
613 512 747 552 Ellone,
852 539 858 545 .
960 539 966 545 .
1067 540 1073 545 .
1173 538 1180 545 .
1282 539 1288 544 .
1389 514 1499 547 Marc.
1520 517 1598 547 25⁶2.

270 585 371 624 Item,
390 585 433 618 ab
452 582 594 618 ecclefia
611 584 770 623 Awacht,
850 611 856 617 .
958 611 964 617 .
1065 612 1070 617 .
1172 612 1178 618 .
1281 612 1287 618 .
1387 586 1497 619 Marc.
1519 590 1572 623 72.

270 656 313 689 In
329 657 453 701 granis,
472 668 491 689 e
508 657 650 690 baronia
667 669 687 690 a
704 656 851 701 Kynlos,
961 682 967 689 .
1020 656 1161 690 Celdras
1182 657 1235 699 (ut
1254 659 1393 702 vocant)
1413 661 1443 697 8,
1462 662 1498 691 et
1516 658 1611 691 bolas
1630 662 1660 690 Q.

271 729 372 768 Item,
392 741 435 762 ex
454 729 633 773 Strathily,
745 755 752 762 .
852 756 858 761 .
959 755 965 761 .
1067 755 1073 762 .
1174 756 1180 762 .
1282 756 1288 762 .
1388 730 1530 763 Celdras
1551 734 1580 766 7.

271 801 373 841 Item,
393 813 412 835 e
430 799 530 834 naffis
546 801 746 843 (vernacula
763 801 890 846 lingua,
909 802 943 845 ly
961 802 1072 846 Ziars)
1092 801 1293 840 salmonum,
1394 800 1512 835 Lastas
1531 806 1562 835 Q,

272 874 374 912 Item,
395 886 438 907 ex
457 873 648 913 annalibus,
668 873 850 907 Inverness
868 879 905 906 et
923 874 951 906 F
953 873 1051 911 oress‚
1178 900 1184 906 .
1285 901 1291 906 .
1392 874 1502 908 Marc.
1522 886 1552 907 v.
1571 872 1603 907 d.
1617 875 1662 907 xl.

272 946 374 985 Item,
393 958 413 979 e
430 947 537 979 firmis
556 951 592 979 et
610 947 734 979 annuis
752 947 787 979 in
807 946 929 991 Elgyn,
1072 973 1077 978 .
1179 973 1184 979 .
1286 973 1291 978 .
1392 947 1501 980 Marc.
1523 951 1553 979 9.

272 1091 430 1124 Tantulis
458 1102 539 1135 ergo
573 1092 682 1130 bonis,
718 1092 895 1135 egregium
921 1089 1167 1123 monasterium
1197 1102 1217 1122 a
1244 1090 1381 1134 Kynlos
1410 1095 1495 1124 tunc
1522 1103 1666 1124 oecono-

225 1173 359 1195 morum
386 1168 422 1195 et
447 1163 613 1196 abbatum
640 1162 822 1196 oscitantia
841 1164 1015 1206 perditum
1034 1163 1119 1201 fuit;
1145 1164 1204 1196 ubi
1230 1162 1329 1196 suum
1355 1174 1481 1196 munus
1506 1175 1665 1197 exercere

225 1235 337 1277 caepit
353 1234 502 1267 Thomas
520 1235 625 1268 abbas
643 1236 759 1267 omnia
776 1235 811 1267 in
830 1235 954 1268 melius
969 1237 1105 1273 mutari,
1132 1247 1170 1268 ac
1191 1236 1284 1268 brevi
1303 1237 1468 1279 temporis
1496 1237 1665 1269 curriculo

225 1306 408 1349 duplicatis
435 1307 506 1339 fere
532 1307 692 1339 omnibus
712 1307 766 1348 (ut
784 1308 889 1340 etiam
914 1318 1006 1340 nunc
1033 1305 1213 1340 clariflime
1231 1306 1378 1351 constat)
1397 1308 1540 1340 infinitis
1559 1319 1667 1340 exun-

226 1379 306 1411 dare
340 1379 438 1411 bonis
473 1378 581 1411 visum
617 1377 677 1411 est.
745 1378 801 1412 Ita
834 1377 1122 1422 promptiffimum
1153 1377 1203 1411 est
1226 1379 1383 1421 judicare
1421 1381 1502 1422 quid
1538 1379 1665 1412 distent

226 1450 343 1493 (juxta
367 1451 568 1494 paremiam)
595 1462 674 1483 aera
700 1450 837 1494 lupinis.
889 1451 946 1484 Sic
972 1449 1253 1494 prudentiffimus
1284 1452 1530 1494 paterfamilias
1557 1453 1667 1484 multa

227 1523 382 1566 congerit
400 1521 545 1555 studiose
563 1534 650 1565 quae
676 1521 904 1566 ineptissimus
927 1521 1069 1565 quisque
1088 1522 1189 1566 longe
1207 1523 1340 1557 facilius
1362 1524 1533 1556 inutiliter
1558 1524 1667 1556 effun-

228 1596 288 1627 dit.
339 1594 408 1627 Sed
428 1595 501 1638 jam
519 1594 765 1638 prosequamur
781 1594 923 1637 reliqua.

276 1667 368 1700 Sunt
394 1671 430 1700 et
455 1665 646 1700 salmonum
679 1665 882 1710 piscationes
913 1668 946 1699 in
974 1668 1070 1709 aquis
1101 1667 1143 1699 ab
1169 1666 1304 1704 Ithane,
1336 1668 1492 1710 proxime
1522 1668 1564 1700 ad
1592 1668 1667 1700 illas

228 1739 329 1771 aedes
369 1750 452 1782 quas
482 1738 584 1782 paulo
615 1744 696 1771 ante
731 1739 1077 1771 commemoravimus
1112 1743 1270 1771 recenter
1298 1739 1331 1771 in
1364 1738 1488 1772 Ellone
1515 1738 1665 1778 st1·u6tas‚

229 1812 368 1844 domino
382 1823 401 1844 a
414 1811 569 1844 Finlater
582 1811 756 1849 a<ldi5tae3
776 1822 833 1844 eas
847 1810 994 1844 Thomas
1008 1812 1122 1849 abbas,
1137 1812 1258 1855 grandi
1272 1816 1497 1844 annumerata
1511 1813 1666 1855 pecunia,

230 1885 262 1915 in
278 1884 513 1916 novendecem
530 1894 637 1916 annos
652 1883 786 1915 futuros
801 1883 979 1916 conduxit.
1015 1882 1160 1915 Initium
1174 1882 1315 1926 hujusce
1329 1884 1376 1916 rei
1392 1884 1458 1916 fuit
1471 1888 1665 1917 3111101532.

278 1954 411 1987 Eodem
429 1966 518 1987 anno
537 1966 604 1997 quo
622 1952 728 1987 isthac
746 1955 964 1998 gerebantur,
992 1955 1082 1997 apud
1108 1966 1237 1987 novum
1256 1955 1402 1998 burgum
1422 1967 1442 1988 a
1459 1954 1667 1993 Setownem,

231 2028 370 2059 domum
397 2027 567 2069 lapideam
594 2028 629 2059 in
655 2026 788 2069 aliquot
814 2026 966 2059 officinas
992 2025 1185 2059 distin&am
1213 2038 1251 2059 ac
1277 2026 1469 2065 locabilem,
1501 2028 1542 2059 ad
1572 2026 1668 2059 usum

232 2103 414 2130 nautarum
441 2099 697 2142 peregrinorum
725 2099 1005 2133 commeantium,
1025 2099 1157 2141 magnis
1175 2096 1347 2141 impensis,
1375 2109 1455 2131 cum
1472 2098 1591 2131 solario
1611 2111 1668 2131 cx-

232 2170 364 2203 struxit.
404 2169 451 2202 Et
470 2181 547 2202 cum
566 2169 625 2203 illa
642 2175 855 2208 curarentur,
870 2175 940 2202 tres
955 2170 1061 2202 etiam
1081 2169 1203 2202 calices
1221 2175 1403 2214 argenteos
1422 2171 1514 2203 intus
1530 2175 1666 2203 tantum

232 2244 413 2276 deauratos
431 2243 474 2274 ad
493 2242 688 2285 peragenda
704 2240 866 2274 sacrificia
883 2240 942 2273 suo
961 2240 1168 2274 monasterio
1186 2246 1321 2285 emptos
1341 2243 1492 2275 tradidit.

280 2316 321 2347 Iu
340 2314 505 2357 sequenti,
524 2325 614 2352 vero,
633 2325 722 2346 anno
740 2314 920 2355 coquinam
939 2314 981 2345 ad
999 2312 1093 2345 suam
1111 2313 1224 2346 aulam
1243 2312 1446 2356 ampliffime
1464 2313 1669 2347 exstructam
