1861 2786
614 251 933 284 MONASTERH
962 252 993 284 A
1025 252 1241 286 KYNLOS.
1605 259 1643 287 51

203 346 314 380 tribus
340 343 479 379 diversis
505 344 633 378 tabulis
659 347 791 390 pictura
816 347 918 390 plane
943 349 1105 392 graphice
1132 349 1275 392 depictis
1294 349 1360 382 tria
1385 348 1509 382 sacella
1532 350 1567 382 in
1589 350 1648 383 suo

202 418 335 462 templo
361 417 550 456 exornavit,
570 418 632 450 viz.
661 417 899 462 Magdalenes,
925 419 1071 453 Joannis
1089 418 1331 465 Evangelistae
1350 426 1386 454 et
1408 422 1477 454 divi
1495 422 1648 456 Thomae

202 488 468 524 Cantuarienfis.
521 489 692 534 Depinxit
719 502 864 534 quoque,
891 490 948 524 sed
967 493 1100 536 pictura
1128 492 1255 526 leviore
1284 505 1372 537 quae
1398 505 1490 528 nunc
1517 492 1566 527 est
1588 506 1650 538 per

201 562 355 596 Scotiam
382 560 620 606 receptissima,
647 563 847 596 cubiculum
874 568 910 597 et
935 565 1122 597 oratorium
1150 566 1294 605 abbatis,
1322 565 1423 599 fimul
1449 567 1647 600 cubiculum

202 635 312 679 majus
341 640 423 668 ante
453 636 597 680 gradum
628 646 695 678 quo
725 636 797 668 itur
827 637 869 669 ad
899 636 1033 670 abbatis
1063 637 1273 671 cubiculum.
1326 638 1405 672 Hoc
1431 650 1521 672 anno
1555 643 1646 672 1544

201 709 236 740 in
254 708 355 740 initio
374 706 525 751 Augusti
544 718 623 740 cum
642 708 801 741 dominus
819 719 917 742 meus
935 709 1118 743 adornaret
1142 711 1389 754 profectionem
1407 712 1449 745 ad
1469 710 1647 746 Orchades

201 790 245 812 ex
263 778 400 823 Kynlos
417 790 479 822 per
495 790 600 818 mare,
620 780 696 823 cepi
714 790 791 812 cum
812 780 872 813 illo
898 781 941 814 de
967 782 1069 814 rebus
1095 783 1182 815 meis
1207 784 1464 817 communicare
1490 784 1646 828 pluribus

200 851 322 890 verbis,
348 849 506 894 presente
525 851 632 884 nobili
652 852 724 884 viro
742 851 945 885 Alexandro
970 853 1155 886 Cummein
1180 855 1320 887 domino
1339 856 1381 889 ab
1400 855 1513 889 Alter.
1551 857 1646 891 Nam

200 934 279 956 cum
305 921 481 966 sperabam
508 934 612 966 quam
633 934 715 956 mox
742 923 894 957 Gallicas
919 935 1024 957 naves
1042 926 1085 958 ad
1106 936 1169 958 nos
1187 930 1361 966 venturas,
1388 929 1423 960 in
1450 929 1574 971 quibus
1592 940 1647 963 res

199 1006 294 1028 meas
321 1006 537 1039 componere,
557 999 593 1028 et
610 994 710 1028 fimul
736 994 806 1040 ipse
832 998 995 1041 navigare
1013 999 1049 1030 in
1067 997 1223 1038 Gallias;
1250 1010 1289 1032 ae
1316 1011 1395 1033 eum
1423 1012 1560 1034 vererer
1585 1013 1646 1045 per

200 1068 291 1101 illius
317 1067 518 1107 absentiam,
537 1079 582 1100 ne
600 1069 675 1111 quis
693 1069 792 1107 forte,
812 1074 852 1101 ut
869 1068 969 1113 saepe
987 1070 1036 1109 fit,
1056 1071 1295 1114 impudentius
1315 1073 1531 1113 reclamaret,
1551 1073 1644 1117 quafi

200 1152 252 1174 res
270 1141 400 1174 alienas
418 1146 454 1174 et
472 1152 541 1173 non
559 1152 654 1174 meas
671 1141 752 1174 hinc
770 1140 989 1185 asportarem,
1009 1142 1101 1175 volui
1121 1143 1300 1176 dominum
1319 1156 1446 1185 meum,
1465 1146 1646 1189 praesente

199 1214 338 1246 domino
365 1213 408 1246 ab
434 1212 547 1251 Alter,
574 1213 668 1256 prius
693 1214 810 1246 onmia
835 1213 943 1247 oeulis
970 1212 1121 1258 speetare
1148 1220 1184 1248 et
1210 1216 1413 1260 diligentius
1441 1217 1646 1262 cognoscere

199 1297 286 1329 quae
316 1283 418 1318 efl'em
449 1286 621 1324 facturum
655 1286 746 1328 quod
777 1290 813 1318 et
844 1286 972 1318 factum
1003 1284 1052 1319 est
1082 1298 1174 1320 nono
1204 1287 1364 1332 Augusti,
1400 1289 1580 1333 praesente
1610 1296 1646 1324 et

198 1358 362 1390 audiente
381 1358 519 1390 domino
538 1357 581 1390 ab
601 1356 723 1396 Alter3
752 1357 906 1401 mihique
931 1357 1085 1401 permisit
1106 1359 1211 1393 herus
1230 1372 1338 1400 meuS,
1359 1362 1441 1395 dum
1461 1364 1557 1397 videt
1574 1364 1647 1398 ulla

197 1430 331 1462 ratione
354 1440 410 1462 me
436 1428 584 1472 amplius
609 1429 761 1461 retinere
787 1440 856 1461 non
882 1427 983 1473 pofl'e,
1010 1436 1049 1463 ut
1075 1443 1145 1464 non
1172 1431 1280 1465 solum
1308 1444 1396 1476 quae
1422 1435 1465 1467 ad
1491 1446 1547 1468 me
1570 1448 1645 1480 per-

198 1503 361 1541 tinerent,
380 1501 437 1535 sed
456 1501 516 1534 sua
533 1513 670 1544 quoque
695 1512 774 1534 meo
798 1503 969 1535 arbitratu
992 1504 1076 1536 mihi
1102 1503 1247 1544 sumere,
1271 1506 1362 1548 quod
1390 1510 1506 1540 tamen
1533 1508 1646 1542 facere

197 1573 359 1613 recufiwi,
388 1574 471 1617 quin
501 1574 615 1617 potius
650 1573 762 1607 multa
795 1585 873 1607 mea
908 1575 1057 1619 neglexi,
1089 1588 1128 1609 ac
1159 1582 1297 1610 tantum
1329 1589 1387 1611 eos
1418 1579 1522 1612 libros
1550 1592 1645 1614 meos

197 1658 282 1690 quos
309 1647 344 1679 in
372 1645 521 1679 seeundo
551 1657 629 1678 meo
659 1646 812 1679 adventu
843 1658 885 1679 ex
914 1647 1037 1680 Galliis
1066 1659 1204 1682 mecum
1231 1650 1417 1684 attuleram
1444 1653 1479 1684 in
1509 1652 1644 1697 Kynlos

197 1719 318 1751 efferre
352 1719 478 1762 optavi,
514 1729 627 1760 neque
653 1717 730 1750 illos
764 1718 903 1761 quidem
935 1730 1064 1752 onmes.
1116 1720 1206 1753 Cum
1238 1726 1356 1755 tamen
1387 1723 1644 1767 diligentissime

197 1802 353 1824 curarem
379 1802 424 1823 ne
451 1791 527 1833 quis
554 1787 637 1822 effet
661 1790 746 1822 adeo
772 1791 950 1834 improbus
969 1796 1008 1824 ut
1027 1793 1084 1835 qui
1111 1791 1220 1836 posset
1246 1795 1281 1827 in
1308 1796 1410 1828 rebus
1441 1798 1528 1829 meis
1558 1798 1643 1831 mihi

196 1864 405 1897 calumniam
435 1860 576 1901 struere,
608 1873 677 1894 non
707 1863 805 1905 potui
825 1867 944 1896 tamen
975 1865 1087 1903 unius,
1120 1866 1154 1897 in
1185 1877 1288 1909 quem
1322 1867 1403 1900 olim
1434 1880 1504 1901 non
1533 1880 1644 1913 pauca

196 1935 404 1969 contulerim
423 1935 600 1973 beneficia,
624 1934 776 1979 effugere
795 1935 1027 1970 virulentiam.
1080 1938 1149 1970 Sed
1175 1939 1267 1972 illius
1291 1939 1500 1974 conscientia
1518 1943 1643 1976 viderit

196 2009 279 2042 dum
293 2006 463 2041 falfiffime
474 2008 645 2040 mentitur
655 2012 691 2040 et
707 2008 765 2051 qui
779 2007 859 2041 sunt
871 2007 1045 2052 ejusmodi.
1078 2009 1171 2043 Satis
1185 2022 1249 2056 ego
1264 2011 1459 2046 firmiffimis
1478 2026 1517 2047 ac
1534 2013 1642 2048 san&-

196 2079 313 2114 iffimis
330 2079 535 2114 testimoniis
554 2081 764 2124 optimorum
782 2082 933 2114 virorum
952 2081 1087 2115 causam
1105 2085 1277 2117 munitam
1295 2085 1406 2118 habeo
1421 2098 1427 2119 :
1455 2098 1500 2120 ne
1523 2092 1641 2121 tamen

196 2151 282 2187 defit
310 2154 399 2186 forte
423 2153 507 2186 talia
534 2153 577 2186 de
603 2164 660 2186 me
686 2151 936 2197 suspicantibus
966 2155 1153 2195 nonnullis,
1180 2167 1247 2200 quo
1273 2158 1416 2191 tandem
1435 2165 1641 2204 argumento

195 2224 354 2259 adversus
377 2225 630 2258 calumniantes
656 2236 712 2258 me
735 2227 825 2258 tueri
850 2224 979 2269 poffim‚
1011 2226 1188 2272 subjiciam
1215 2230 1270 2263 hic
1294 2231 1376 2274 quid
1400 2243 1521 2275 parum
1544 2238 1642 2277 grato

196 2298 326 2330 homini
354 2297 438 2330 talia
464 2297 506 2330 de
527 2308 584 2330 me
606 2296 794 2330 blateranti
821 2309 882 2341 per
900 2298 1018 2332 literas
1045 2301 1135 2343 apud
1163 2301 1341 2335 dominum
1361 2303 1529 2337 Thomam
1556 2304 1644 2349 Tog—

909 2381 931 2402 G
