1861 2786
585 261 734 295 MONA
741 260 903 295 STERH
930 261 963 294 A
991 260 1208 294 KYNLOS.
1570 265 1607 295 41

174 357 250 390 suos
267 358 380 390 rediit.
431 356 523 390 Item
541 357 593 389 bis
618 357 752 400 legatus
778 358 811 389 in
839 356 971 390 Gallias
997 357 1040 389 ad
1068 354 1287 389 Franciscum
1312 367 1428 400 rogem
1455 357 1527 400 ejus
1554 369 1613 389 no-

174 431 276 463 minis
293 413 462 474 primums
479 439 539 472 pro
558 427 606 461 sui
625 429 714 472 regis
732 429 962 466 matrimonio,
986 428 1157 471 lirofefitus
1176 425 1226 460 est
1243 427 1305 460 sub
1323 439 1451 461 annum
1471 428 1612 462 Domini

176 504 265 534 1535
283 502 404 545 prim0‚
424 500 548 533 deinde
566 499 628 533 sub
645 511 775 533 annum
796 502 896 534 1536.
942 501 1048 534 Nunc
1061 506 1096 534 et
1110 501 1242 544 aliquot
1257 513 1364 535 annos
1382 503 1474 535 inter
1491 502 1611 536 Jacobi

172 573 285 616 quinti
304 572 488 605 Scotorum
508 572 613 616 Regis
632 570 840 605 confiliarios
857 583 926 605 non
945 573 1099 606 infimam
1119 577 1254 616 partem
1272 577 1371 606 tenet
1389 572 1610 607 meritiffime.

172 656 251 678 cum
266 645 310 677 ob
321 645 409 688 juris
424 644 602 688 utriusque
616 645 775 688 peritiam
794 649 869 678 tum
883 646 975 678 vitae
988 644 1202 684 modestiam,
1224 657 1290 689 qua
1303 645 1491 689 plurimum
1507 646 1609 680 valet.

172 717 291 751 Habet
309 718 419 750 etiam*
441 715 707 761 resignationem
726 717 872 750 vicariae
890 729 909 750 a
928 716 1101 761 Kirkaldy
1120 718 1162 750 ab
1181 717 1352 750 avunculo
1371 717 1431 750 suo
1450 717 1611 763 magistro

172 790 325 823 Robcrto
353 789 580 827 Schanwelle,
608 790 665 832 qui
692 789 802 822 adhuc
830 790 925 822 vivit.
978 789 1019 821 In
1046 788 1253 823 monasterio
1279 794 1397 823 autem
1428 802 1447 824 a
1474 791 1610 835 Kynlos

170 866 267 905 parat
297 861 452 904 quotidie
482 860 594 894 multa
619 861 661 893 ad
688 872 794 894 novas
821 862 882 894 viz.
910 860 1104 900 stru8curas,
1132 866 1167 894 et
1193 862 1258 895 hoc
1287 873 1377 894 anno
1407 866 1508 902 1537,
1539 871 1609 896 tres

169 944 266 966 arcus
284 933 319 965 in
338 931 475 966 claustri
493 932 628 976 angulis
654 933 832 971 extruxit,
858 944 951 966 nunc
969 944 1111 966 manum
1130 934 1285 967 admovit
1302 946 1392 967 novo
1416 935 1605 969 columbari

170 1005 325 1048 proxime
367 1005 410 1038 ad
452 1003 651 1037 monasterii
693 1004 942 1044 moletrinum3
993 1006 1185 1039 identidem
1227 1007 1270 1039 ad
1313 1006 1459 1040 fornices
1492 1010 1607 1052 magni

169 1077 318 1110 cubiculi
342 1077 476 1110 abbatis
502 1088 581 1110 cum
608 1076 707 1110 aulae
734 1075 813 1110 suae
839 1076 1096 1111 instauratione.
1148 1076 1305 1111 Instituit
1330 1083 1509 1122 practerea
1527 1079 1608 1113 satis

169 1148 339 1193 copiosam
373 1150 409 1182 in
439 1150 533 1182 omni
563 1149 819 1193 disciplinarum
853 1161 980 1193 genere
1014 1150 1272 1190 bibliothecam,
1307 1162 1410 1194 quam
1446 1163 1507 1184 nos
1542 1152 1608 1185 alio

169 1222 286 1255 libello
313 1220 574 1266 designavimus,
594 1226 630 1254 et
646 1233 692 1254 ne
710 1222 792 1265 quid
816 1220 903 1255 defit
922 1222 997 1265 jam
1023 1223 1245 1267 aggredietur
1270 1223 1410 1256 domum
1429 1224 1609 1268 elegantis-

169 1293 286 1328 simam
311 1295 478 1338 quadrato
505 1294 618 1338 lapide
644 1295 679 1327 in
705 1306 774 1338 quo
800 1294 877 1327 libri
903 1292 1124 1328 asservantur.
1176 1295 1291 1338 Hujus
1318 1296 1450 1329 abbatis
1477 1297 1606 1340 reliqua

167 1378 255 1410 quae
280 1367 434 1410 quotidie
460 1367 544 1399 facit
562 1366 617 1399 vel
643 1367 749 1400 etiam
775 1367 925 1399 facturus
944 1365 1003 1406 est,
1023 1365 1046 1400 fi
1066 1368 1137 1400 vita
1154 1367 1325 1411 suppetat,
1352 1368 1545 1402 observabit
1572 1374 1607 1402 et

167 1440 201 1471 in
228 1439 517 1472 commentarium
543 1439 663 1471 mittet
688 1437 869 1482 posteritas
888 1443 927 1472 ut
945 1443 1030 1483 puto
1047 1441 1185 1484 gratior.
1238 1437 1396 1483 Suscepit
1422 1441 1478 1473 hic
1503 1441 1607 1474 abbas

167 1511 228 1544 sub
258 1512 357 1544 initio
389 1510 440 1543 sui
469 1509 689 1555 magistratus
719 1512 755 1543 in
785 1511 1032 1544 monachatum
1066 1511 1246 1544 dominum
1279 1511 1448 1545 Thomam
1478 1512 1605 1549 Broun,

166 1595 258 1616 nunc·
291 1582 522 1627 superiorem;
557 1588 593 1616 et
619 1594 698 1616 cum
730 1594 770 1616 eo
801 1583 950 1616 alterum
981 1584 1035 1617 cui
1066 1595 1194 1617 nomen
1225 1582 1275 1617 est
1305 1584 1445 1617 domino
1474 1584 1606 1618 Jacobo

167 1655 265 1693 Burt,
290 1655 457 1698 juvenem
482 1655 524 1688 ad
551 1655 669 1688 literas
695 1659 816 1699 aptum
840 1654 930 1694 satis,
953 1653 978 1687 fi
1003 1656 1157 1709 animum
1186 1656 1376 1689 intenderit
1399 1656 1517 1690 suum:
1545 1658 1606 1690 1103

167 1728 252 1760 (11103
270 1739 367 1761 meae
385 1739 486 1760 curae
513 1728 668 1766 traditos,
695 1732 866 1771 quantum
892 1727 990 1760 licuit
1008 1739 1070 1771 per
1087 1739 1205 1760 eorum
1224 1729 1260 1761 in
1278 1729 1444 1772 religione
1462 1741 1605 1773 occupa-

166 1800 288 1838 tiones,
307 1800 349 1832 ad
367 1800 474 1832 bonas
492 1799 610 1832 literas
628 1804 664 1832 et
682 1798 875 1833 universam
896 1798 1145 1843 philosophiam
1171 1799 1384 1833 inflammare
1402 1812 1470 1833 non
1489 1800 1603 1834 destiti

166 1872 228 1904 1103
262 1873 414 1915 quinque
449 1882 557 1905 3111103
595 1876 697 1904 totos.
765 1870 924 1915 Suscepit
958 1876 994 1904 et
1027 1872 1206 1904 biennium
1240 1872 1283 1905 ab
1317 1872 1396 1905 hinc
1434 1873 1603 1916 optimum

159 1945 327 1987 juvenem
357 1945 536 1977 dominum
562 1943 740 1977 Adamum
768 1943 882 1982 Eldar,
909 1944 1059 1987 primum
1085 1943 1211 1976 artium
1237 1942 1437 1988 magistrum
1468 1943 1603 1978 Parisiis

166 2021 330 2054 creatum,
357 2020 393 2049 et
417 2027 495 2049 cum
514 2027 555 2049 eo
573 2016 683 2049 bonae
701 2015 824 2048 indolis
842 2026 988 2059 puerum
1006 2015 1185 2048 dominum
1202 2015 1225 2048 J
1228 2027 1375 2049 oannem
1393 2016 1603 2060 Capronium

165 2091 200 2122 in
220 2089 481 2122 humanioribus
506 2088 615 2121 literis
633 2089 722 2122 bene
739 2088 924 2121 eruditum.
975 2087 1155 2127 Quantum
1173 2092 1320 2132 uterque
1338 2089 1463 2122 debeat
1481 2088 1603 2122 nostris

164 2159 267 2194 musis
285 2166 321 2194 et
339 2161 440 2194 reffis
457 2160 759 2199 admonitionibus,
779 2160 895 2193 dicent
915 2158 1010 2204 (scio)
1028 2159 1152 2193 melius
1169 2160 1277 2193 nobis.
