1861 2786
199 272 218 304 6
659 270 899 304 HISTORIA
926 270 1176 304 ABBATUM

198 367 401 410 principum,
429 366 550 409 quibus
570 366 723 410 vulgaria
739 364 911 409 crassaque
935 367 1056 400 mundi
1074 368 1266 400 tractantur
1289 367 1438 410 negotia,
1467 368 1637 400 accedunt

200 438 444 482 Episcoporum
463 449 541 471 cun]
560 437 717 471 universo
738 438 829 472 clero
847 443 952 482 atque
970 439 1188 477 monachatu,
1206 438 1372 472 san&iora
1395 439 1636 483 gubernacula,

200 522 287 553 quae
307 510 373 543 Dei
392 510 473 553 Opt.
494 510 591 543 Max.
611 510 770 544 adversus
789 522 850 543 nos
877 512 1026 544 furorem
1053 509 1284 554 compescunt,
1313 516 1351 543 ut
1376 512 1410 544 in
1435 522 1519 554 pace
1549 512 1638 544 bene

200 583 370 625 beateque
396 583 571 626 degamus.
624 582 707 615 Non
738 581 859 615 desunt
888 582 997 616 Verbi
1033 594 1228 626 praecones,
1256 584 1299 616 ad
1325 582 1572 616 instituendam
1603 584 1638 615 in

201 654 277 698 lege
296 654 436 687 Domini
455 655 603 698 plebem,
622 666 666 687 ne
681 655 735 687 vel
754 654 934 688 oscitantia
952 656 1060 699 magis
1079 665 1181 697 quam
1201 660 1415 698 contemptu,
1434 655 1489 688 vel
1507 656 1641 699 ignora-

202 727 296 759 tione
327 738 463 769 quoque
495 726 610 759 Deum
641 727 683 760 ad
718 727 992 771 indignationem
1022 732 1197 770 provocet.
1226 732 1261 759 et
1293 725 1338 759 fic
1365 729 1401 759 in
1431 727 1523 760 bella
1556 726 1641 759 sedi-

202 797 379 841 tionesque
402 804 552 841 proruat‚
572 798 667 831 nulla
684 799 817 831 ratione
835 809 938 841 quam
956 800 1087 842 pietate
1106 799 1287 832 tollendas.
1340 797 1421 831 Post
1439 799 1500 831 hos
1519 799 1573 840 (ut
1591 800 1642 831 in-

203 871 303 903 terim
329 872 487 904 omittam
515 871 670 904 cellarias
688 876 723 904 et
741 871 958 905 mechanicas
984 876 1085 909 arteS,
1112 872 1147 903 in
1176 871 1304 903 multos
1326 870 1405 903 usus
1429 869 1641 913 necessarias)

202 941 455 985 subsequuntur
473 943 640 976 bonarum
659 943 836 976 literarum
855 942 1063 987 professores,
1083 944 1206 986 quibus
1225 944 1396 976 incumbit
1416 944 1642 987 juventutem

203 1015 245 1047 ad
273 1015 451 1048 meliorem
480 1016 613 1059 frugem
645 1020 855 1048 convertere.
909 1015 1009 1048 Pium
1040 1014 1119 1048 sane
1150 1015 1372 1058 mustumque
1403 1017 1592 1060 negotium,
1619 1014 1643 1048 sl

205 1092 321 1120 tamen
350 1088 415 1120 rite
441 1088 594 1120 obeatur.
655 1087 709 1120 Ex
740 1088 802 1126 his,
831 1088 938 1121 veluti
969 1086 1167 1126 seminariis,
1199 1089 1369 1131 prodeunt
1402 1088 1643 1131 IniperatoreS,

206 1160 318 1203 Reges
349 1164 384 1192 et
411 1159 597 1203 Principes,
629 1171 668 1192 ac
695 1159 1045 1203 Rerumpublicarum
1077 1159 1258 1195 custodes:
1294 1172 1337 1193 ex
1367 1161 1420 1192 his
1448 1159 1645 1197 Pontifices,

204 1231 404 1270 sacerdotes,
431 1232 746 1274 monachorumque
773 1233 942 1265 examina.
994 1232 1048 1265 Ac
1075 1238 1114 1265 ut
1145 1233 1261 1276 paucis
1292 1232 1404 1265 multa
1428 1224 1644 1276 complectar,

205 1303 361 1337 universa
395 1304 619 1347 Reipublicae
654 1302 741 1336 salus
776 1316 795 1336 a
829 1305 920 1337 reeta
952 1305 1150 1348 juventutis
1185 1303 1402 1337 institutione
1441 1305 1644 1348 propendet.

206 1376 318 1415 Quam
345 1374 369 1408 fi
395 1377 508 1408 minus
534 1376 623 1408 bene
657 1377 899 1414 curaverimus,
925 1387 994 1409 non
1030 1377 1141 1410 dicam
1177 1388 1280 1420 quam
1306 1375 1564 1420 praeposterum
1604 1374 1646 1408 slt

206 1449 387 1491 negocium
412 1447 495 1480 talia
518 1448 639 1486 facere,
658 1449 877 1491 experiemur
894 1449 1036 1481 tandem
1055 1446 1189 1481 nostrae
1208 1448 1441 1493 negligentiae
1459 1449 1647 1481 incommo-

206 1521 332 1553 ditates
350 1520 523 1563 plurimas.
561 1519 607 1552 Et
626 1531 710 1562 quos
729 1521 764 1552 in
783 1520 1010 1563 Reipublicae
1027 1519 1173 1554 salutem
1200 1532 1261 1564 per
1287 1520 1504 1554 oscitantiam
1523 1522 1647 1554 educa-

208 1593 337 1630 bamus,
359 1593 432 1635 jam
458 1593 493 1624 in
524 1592 615 1625 faces
646 1592 852 1635 publicaque
886 1593 1047 1626 incendia
1078 1593 1174 1626 nulla
1204 1598 1278 1626 arte
1308 1592 1558 1638 exstinguenda
1588 1606 1647 1627 ex-

207 1665 304 1697 citari
334 1661 448 1696 nostro
477 1668 512 1696 et
541 1664 694 1696 omnium
723 1664 814 1696 malo
843 1663 1101 1707 conspiciemus.
1165 1665 1297 1698 Curent
1326 1666 1432 1710 igitur
1450 1667 1508 1709 qui
1530 1666 1669 1699 literaS.

208 1737 343 1773 docent,
362 1733 461 1768 fimul
479 1740 512 1768 et
533 1746 645 1768 mores
663 1735 771 1768 bonos
789 1734 954 1769 instillare
973 1737 1008 1768 in
1021 1735 1217 1780 pefi'tuscula
1235 1742 1354 1770 tenera
1361 1738 1560 1781 juventutis
1577 1749 1648 1770 0111-

208 1810 304 1840 nium
327 1809 470 1851 capacis.
522 1807 709 1840 Revellant
736 1805 760 1840 fi
779 1819 866 1851 quae
894 1806 973 1840 sunt
999 1808 1090 1841 mala
1114 1810 1269 1852 gramina
1297 1811 1457 1853 primum,
1476 1821 1519 1842 ne
1538 1811 1647 1842 virtus

208 1886 364 1913 recenter
382 1878 462 1918 sata,
490 1879 671 1912 inutilibus
688 1878 873 1912 suffocetur
890 1880 1014 1918 herbis,
1037 1892 1101 1913 nec
1119 1879 1219 1924 pcffit
1243 1880 1445 1914 adolescere.
1497 1881 1539 1914 In
1558 1882 1649 1914 rudi—

209 1953 335 1985 mentis
362 1952 603 1995 grammatices
629 1951 825 1989 tractandis,
850 1949 917 1984 fint
936 1951 1112 1994 aliquanto
1131 1951 1347 1986 curiofiores:
1375 1959 1414 1986 ut
1443 1954 1553 1986 bonae
1577 1953 1646 1997 spei

203 2026 349 2067 juvenes
378 2023 575 2067 intelligant
601 2034 688 2066 quae
716 2021 755 2055 fit
781 2024 927 2067 propria,
955 2035 1042 2066 quae
1061 2025 1168 2067 tropis
1186 2030 1221 2057 et
1240 2023 1469 2058 schematibus
1487 2026 1645 2058 redimita

209 2097 328 2133 oratio,
347 2100 407 2127 aut
425 2095 629 2138 hujusmodi.
674 2095 849 2139 Deinceps
863 2096 969 2128 citato
988 2095 1068 2129 satis
1086 2095 1188 2139 passu,
1208 2098 1250 2129 ad
1270 2104 1426 2130 veterum
1444 2097 1645 2141 scriptorum

210 2168 402 2205 lefitionem,
421 2166 497 2199 suos
515 2168 689 2200 auditores
707 2167 909 2200 traducant:
939 2174 976 2200 ut
996 2179 1080 2211 quos
1099 2169 1308 2219 imbiberunt
1327 2171 1569 2213 grammatices
1593 2182 1647 2203 ca-

210 2250 325 2278 nones,
339 2240 414 2282 jugi
434 2239 593 2281 variaque
611 2238 757 2272 le&ione
775 2240 841 2271 rite
860 2240 1082 2282 comprobare
1101 2240 1248 2273 valeant.
1284 2240 1317 2273 A
1332 2247 1512 2284 poetarum
1526 2239 1646 2274 studiis

210 2323 278 2344 non
296 2311 469 2344 abducant
481 2310 705 2354 juventutem
724 2316 973 2354 praeceptores,
992 2312 1026 2343 in
1042 2312 1166 2355 quibus
1183 2313 1399 2346 reconditum
1416 2312 1464 2346 est
1484 2315 1645 2357 quicquid
