1861 2786
202 284 246 317 74
663 281 903 314 HISTORIA
931 281 1179 315 ABBATUM

203 382 327 409 vocant
352 375 610 420 goubbelettos)
631 376 764 414 dicere;
791 377 851 409 uni
878 377 985 409 etiam
1019 377 1143 409 horum
1172 377 1329 409 additum
1356 376 1406 410 est
1431 378 1641 421 operculum.

204 448 298 480 Emit
319 459 455 491 quoque
472 446 620 480 salinum
638 453 851 491 argenteum,
870 460 909 481 ac
928 449 1072 492 triginta
1089 450 1242 492 quinque
1260 449 1460 482 cochlearia.

251 518 388 558 Rursus,
415 520 458 552 ad
488 519 609 563 templi
637 525 806 559 ornatum,
834 521 901 553 tria
926 521 1132 554 candelabra
1157 532 1201 554 ex
1227 521 1422 554 aurichalco
1447 521 1642 555 incredibili

203 602 305 634 opere
323 591 487 630 confecta,
512 602 637 635 magno
655 603 734 624 aere
752 592 900 625 redemit
915 604 922 631 ;
958 604 1103 636 quorum
1131 593 1198 625 duo
1222 593 1265 626 ad
1283 591 1387 626 instar
1404 593 1643 626 columnarum

203 664 349 695 formata
378 661 588 706 sculptarum
615 664 772 707 proxime
803 665 845 697 ad
874 663 1043 698 summam
1074 676 1167 698 aram
1193 665 1340 704 locavit3
1375 666 1517 698 tertium
1545 677 1635 703 vero,

203 735 294 778 quod
312 733 362 768 est
381 736 416 767 in
434 736 587 778 quinque
605 733 782 769 disse-&um
800 736 939 770 brachia
956 735 1025 770 five
1044 747 1156 770 ramos
1176 736 1356 780 (paschale,
1376 737 1410 769 id
1428 743 1553 770 vocant
1571 738 1645 770 vul-

202 809 313 851 gares)
340 809 376 840 in
401 808 524 841 faciem
555 808 649 841 chori
680 809 723 841 ad
752 809 896 853 gradum
928 809 986 841 ubi
1017 808 1197 852 epistolam
1229 810 1381 842 concinit
1407 808 1643 848 subdiaconus,

203 881 287 923 erigi
313 881 455 913 curavit.
508 879 604 912 Emit
631 885 665 912 et
692 881 759 913 duo
786 881 852 914 alia
876 878 1019 924 penfilia
1045 881 1268 920 candelabra3
1295 892 1441 924 quorum
1468 893 1575 914 unum
1602 883 1644 915 ad

203 951 326 984 summi
345 952 462 985 altaris
488 952 664 990 fornicem,
691 952 838 985 alterum
857 954 892 985 in
913 963 1039 997 magno
1066 953 1199 985 abbatis
1225 953 1394 991 cubiculo,
1421 965 1513 986 nunc
1539 955 1643 986 etiam

204 1024 405 1067 propendet.
457 1023 499 1056 In
518 1025 603 1056 turri
622 1028 740 1057 autem
760 1035 1014 1068 campanarum,
1042 1028 1111 1057 tres
1130 1026 1245 1068 magni
1272 1025 1432 1068 ponderis
1451 1037 1514 1058 nec
1532 1027 1645 1058 minus

204 1096 340 1128 sonoras
359 1107 542 1139 campanas
559 1095 716 1139 apposuit
732 1107 739 1135 ;
766 1097 887 1129 harum
904 1098 1046 1129 nomina
1063 1096 1152 1135 sunt,
1170 1105 1210 1129 ut
1228 1096 1403 1140 inscriptio
1416 1096 1497 1130 satis
1512 1098 1644 1136 edocet,

206 1167 328 1205 Maria,
344 1167 458 1205 Anna,
478 1172 513 1200 et
528 1167 774 1211 Hieronymus.
814 1167 922 1200 Dedit
940 1172 976 1200 ct
994 1173 1162 1201 catarrum
1181 1166 1250 1200 five
1265 1179 1322 1200 vas
1339 1169 1584 1212 perpulchrum
1603 1181 1645 1202 ex

205 1239 398 1272 aurichalco
425 1240 460 1271 in
486 1237 584 1271 usum
611 1238 759 1272 lustralis
777 1250 885 1282 aquae
903 1244 939 1272 et
957 1240 1157 1272 benedifitae
1184 1240 1476 1274 circumferendae
1502 1252 1580 1274 cum
1599 1241 1647 1275 as-

206 1309 362 1354 persorio.
413 1310 521 1344 Dedit
540 1316 575 1344 et
593 1311 660 1343 duo
679 1312 773 1354 paria
791 1323 996 1355 organorum
1022 1309 1258 1350 muficalium3
1285 1312 1369 1345 duas
1395 1323 1531 1355 quoque
1549 1312 1647 1346 sellas

206 1382 263 1414 seu
276 1383 464 1421 cathedras,
480 1383 605 1426 quibus
619 1387 740 1415 cantor
754 1387 789 1415 et
800 1382 981 1416 succentor
999 1383 1092 1416 chori
1107 1384 1228 1416 diebus
1240 1383 1434 1416 sermonum
1449 1383 1646 1418 infiderent.

257 1454 339 1486 Non
358 1453 407 1487 est
424 1455 715 1498 praetereundum
734 1453 870 1488 silentio
895 1466 961 1498 quo
987 1456 1085 1498 paeto
1104 1456 1259 1488 tabulam
1278 1453 1441 1489 statuaria.
1454 1461 1490 1489 et
1507 1458 1647 1500 pictoria

208 1532 281 1559 arte
299 1527 499 1560 deauratam
518 1528 552 1559 in
566 1526 690 1560 sacello
705 1527 816 1560 Divae
832 1527 987 1571 Virginis
1006 1532 1041 1560 et
1056 1527 1182 1560 Matris
1201 1529 1292 1571 apud
1306 1528 1441 1572 Kynlos
1460 1528 1646 1562 collocarit.

209 1599 265 1631 Ita
282 1599 406 1631 melius
424 1599 623 1643 intelligent
647 1597 782 1642 posteri,
801 1610 903 1641 quam
922 1604 1122 1642 promptum
1141 1598 1182 1631 fit
1200 1600 1413 1639 benefacere,
1441 1599 1465 1632 fi
1483 1602 1558 1643 quis
1577 1602 1648 1633 ani-

208 1682 303 1703 mum
326 1672 516 1703 intenderit
534 1669 651 1709 suum3
679 1682 697 1703 e
716 1669 855 1709 diverso,
874 1672 932 1713 qui
959 1672 1071 1703 ocium
1098 1670 1277 1709 sectantur,
1297 1683 1376 1704 cum
1394 1672 1480 1705 nihil
1499 1673 1648 1706 audeant

210 1745 335 1787 magni,
354 1742 475 1776 saltem
493 1744 643 1786 optimos
661 1747 696 1775 et
714 1743 757 1775 ad
775 1740 1005 1775 honestiffima
1022 1754 1179 1786 quaeque
1196 1744 1350 1776 intentos
1366 1745 1453 1776 viros
1471 1743 1529 1777 sua
1547 1745 1648 1777 laude

211 1827 279 1847 non
306 1816 524 1848 fraudabunt.
583 1814 804 1848 Consecravit
831 1815 936 1858 igitur
954 1814 1125 1857 Deiparae
1145 1814 1282 1859 Virgini
1309 1816 1463 1849 tabulam
1490 1817 1649 1849 omnibus¹

212 1888 364 1920 numeris
382 1889 435 1929 (ut
454 1888 570 1920 videre
588 1886 652 1931 est)
672 1884 1047 1920 commendatiffimam.
1100 1886 1146 1919 Et
1173 1886 1325 1930 ejusdem
1352 1888 1462 1931 operis
1480 1889 1647 1921 minorem

214 1959 335 1998 multo,
367 1961 402 1991 in
438 1959 562 1992 sacello
595 1957 645 1991 sui
671 1959 859 1991 ambulacri
898 1958 1064 1991 tabellam
1094 1959 1136 1991 ad
1169 1957 1266 1991 usum
1296 1960 1451 2002 privatae
1485 1961 1648 1993 orationis

212 2030 371 2074 reposuit.
422 2031 578 2064 Advexit
597 2042 732 2074 quoque
750 2029 879 2064 statuas
896 2035 966 2063 tres
993 2031 1179 2063 admodum
1198 2029 1378 2069 venustam
1405 2043 1509 2064 unam
1528 2032 1649 2065 Serva-

214 2104 307 2141 toris,
327 2114 429 2145 quam
456 2103 636 2136 columnae
654 2104 757 2136 turris
775 2114 1019 2146 campanarum
1037 2103 1080 2135 ad
1097 2101 1219 2135 summi
1241 2102 1358 2135 altaris
1382 2104 1541 2136 dextram
1559 2104 1650 2147 adje-

217 2177 286 2211 citz
312 2175 457 2208 alteram
484 2175 552 2207 divi
571 2174 787 2219 Hieronymi,
806 2186 909 2218 quam
935 2173 1087 2207 sinistrae
1111 2174 1292 2208 columnae
1316 2187 1334 2207 e
1358 2176 1498 2219 regione
1524 2173 1648 2208 Christi

218 2245 366 2280 stantem
392 2247 566 2284 admovit;
600 2247 740 2279 tertiam
759 2258 838 2279 vero
861 2247 959 2279 divae
978 2246 1112 2285 Annae,
1132 2248 1167 2279 in
1184 2245 1307 2280 sacello
1325 2248 1481 2291 proxime
1506 2248 1549 2281 ad
1574 2259 1650 2291 por-

218 2326 289 2352 tam
316 2319 480 2362 majorem
506 2318 627 2362 templi
646 2329 713 2361 qua
732 2322 830 2361 parte
847 2317 897 2351 est
915 2319 951 2350 in
968 2317 1238 2361 septentrionem
1264 2318 1467 2362 prospectus,
1489 2318 1648 2362 repofiiit.
