1861 2786
614 247 933 281 MONASTERII
961 247 994 281 A
1023 247 1241 281 KYNLOS.
1606 250 1649 278 5:ss

210 344 245 376 in
258 341 332 376 suos
345 341 430 381 usus,
449 340 519 375 fine
538 343 705 376 facultate
723 343 877 376 abbatis:
898 355 961 387 ego
981 355 1060 376 vero
1078 343 1208 376 nullius
1226 339 1438 386 professionis
1456 339 1528 373 sum
1556 352 1650 384 prac-

210 421 368 458 terquam
386 412 521 452 Christi,
549 419 584 447 et
606 426 694 457 quae
711 415 779 447 mei
805 414 937 447 labores
963 416 1047 447 mihi
1075 420 1246 459 peperunt
1265 425 1342 447 mea
1359 413 1460 452 sunt;
1487 414 1648 456 quicquid

208 488 355 530 acquirit
380 487 579 524 monachus,
611 488 757 530 acquirit
787 486 994 520 monasterio
1024 499 1094 519 non
1120 486 1191 519 fibi.
1244 486 1346 525 Quod
1373 486 1587 529 frequentius
1615 486 1649 517 in

209 560 302 592 libris
329 558 543 603 apposuerim
573 570 700 591 nomen
727 559 871 597 abbatis,
900 559 963 591 hoc
990 559 1216 591 tribuendum
1242 558 1291 591 est
1318 559 1425 591 amori
1453 570 1520 600 quo
1550 558 1648 589 illum

207 631 424 675 comple&or‚
452 629 545 674 quafi
563 631 701 674 cupiam
718 631 906 664 amicorum
930 631 1048 664 omnia
1073 629 1139 664 este
1166 632 1373 663 communia.
1425 630 1495 663 Sed
1514 642 1596 674 rogo
1615 635 1649 662 tt·

207 714 274 746 qua
298 703 423 741 fronte,
451 714 518 746 quo
546 702 646 735 vultu
678 703 827 746 denique
853 703 966 746 pergit
993 703 1149 745 quotidie
1175 703 1217 735 ad
1244 702 1353 735 altare
1380 703 1415 734 in
1442 707 1514 735 tam
1540 703 1649 735 mani-

206 774 291 809 festo
317 781 353 809 et
379 782 451 809 tam
477 788 592 809 amaro
619 776 824 809 mendacio?
869 775 971 808 Faxit
990 774 1155 813 Christus,
1183 780 1222 807 ut
1241 773 1380 818 posthac
1406 774 1580 819 syncel-ius
1606 776 1648 807 de

202 848 304 881 rebus
322 847 443 881 nostris
455 849 600 891 judicet.
653 847 793 881 Interea
811 852 849 880 tu
867 859 929 891 per
945 846 1154 890 superiorem
1169 852 1279 884 tuum,
1301 847 1527 880 Plutarchum
1545 858 1647 890 quem

206 920 300 954 vobis
318 921 398 953 hinc
417 920 673 953 discedentibus
692 920 782 952 dono
801 920 890 957 dedi,
910 920 1042 963 optimo
1054 919 1135 962 jure
1152 923 1311 962 repetere
1330 920 1475 952 curabis.

252 992 351 1026 Haec
370 993 499 1025 invitus
525 993 644 1036 adjeci,
672 993 803 1035 optime
831 991 964 1030 Letffmr,
992 990 1049 1024 sed
1076 989 1121 1024 fic
1140 992 1294 1035 oportuit
1312 992 1444 1024 nomini
1470 1003 1549 1024 meo
1567 1003 1647 1024 con-

203 1065 312 1098 sulere
331 1070 451 1098 contra
469 1065 728 1097 obtrectatrices
747 1069 783 1097 et
802 1068 990 1097 venenatas
1008 1063 1163 1107 linguas3
1188 1068 1228 1096 ut
1246 1075 1307 1107 per
1324 1075 1438 1097 meam
1457 1063 1647 1097 absentiam

203 1149 271 1170 non
297 1136 428 1181 poss'um
455 1136 659 1180 respondere
686 1137 770 1169 meis
796 1135 984 1174 maledicis,
1003 1135 1068 1168 hoc
1094 1135 1216 1168 saltem
1243 1133 1284 1168 fit
1302 1147 1322 1168 a
1349 1147 1405 1169 me
1423 1135 1581 1169 relietum
1605 1137 1647 1169 de

202 1220 280 1242 mea
293 1208 501 1242 conscientia
519 1209 610 1253 apud
628 1209 753 1252 probos
772 1209 861 1241 viros
879 1205 1089 1241 veriffimum
1107 1219 1168 1251 pro
1183 1219 1239 1241 me
1254 1207 1490 1241 testimonium
1505 1209 1644 1241 bonum.

203 1281 303 1315 Vale.

249 1426 303 1459 De
328 1426 469 1469 reliquis
496 1437 576 1459 vero
602 1426 703 1469 hujus
729 1425 864 1459 abbatis
891 1426 1028 1469 egregie
1063 1425 1161 1458 dietis
1196 1430 1232 1458 et
1259 1426 1355 1459 fastis
1386 1428 1420 1460 in
1452 1427 1646 1471 Republica

201 1499 340 1532 Scotica
356 1497 432 1543 post
455 1503 604 1531 mortem
632 1497 739 1541 Regis
765 1497 888 1530 Jacobi
915 1497 1029 1540 quinti
1048 1496 1098 1529 illi
1118 1498 1335 1531 mentionem
1362 1499 1491 1532 facient
1510 1500 1644 1543 quibus

199 1571 242 1603 de
260 1571 367 1604 tantis
385 1570 485 1603 malis
506 1569 742 1614 praesentibus
768 1567 792 1601 fi
818 1569 955 1612 quando
983 1567 1184 1603 emerserint
1204 1568 1341 1613 justitia
1367 1576 1403 1604 et
1429 1573 1521 1615 prior
1546 1574 1643 1617 regni

200 1644 350 1681 libertas,
370 1643 498 1681 licebit,
518 1642 595 1675 Diis
612 1640 877 1684 hominibusque
896 1641 1231 1686 congratulantibus,
1244 1644 1428 1677 veritatem
1448 1643 1552 1688 ipsam
1566 1645 1644 1679 lite-

199 1726 313 1748 rarum
332 1715 567 1748 monumentis
585 1713 656 1747 fine
675 1714 755 1747 fuco
773 1714 1025 1747 commendare.
