1861 2786
592 269 913 304 MONASTERII
940 270 973 304 A
1003 269 1220 303 KYNLOS.
1594 268 1636 298 (33

194 365 283 397 iuter
302 366 478 403 orandum,
498 364 611 398 nescio
630 367 713 409 quid
731 377 896 410 magnum
916 368 982 399 iam
1002 372 1076 398 tum
1096 366 1138 398 de
1157 365 1322 408 religione
1341 367 1377 396 et
1392 363 1491 405 hujus
1506 362 1571 394 loci
1587 363 1636 393 in-

193 442 369 470 cremento
388 436 476 471 visus
494 437 553 476 est,
579 438 655 471 Deo
681 438 735 480 (ut
760 437 868 482 ipsum
887 437 1055 471 Thomam
1082 438 1290 470 referentem
1318 436 1447 478 audivi)
1474 434 1636 478 propicio,

193 510 382 553 concipere.
423 510 615 543 Plurimum
635 511 856 544 recreabatur
874 512 908 543 in
927 511 1049 554 templi
1067 510 1250 554 magnifica
1267 508 1444 546 stru&ura‚
1463 511 1499 540 et
1517 516 1637 539 eorum

192 592 280 623 quae
298 582 369 615 illic
395 581 551 615 visuntur
577 583 619 616 ad
646 594 718 615 rem
744 581 871 616 sacram
898 583 1090 616 faciendam
1110 593 1179 614 non
1203 580 1398 625 irreligiosa.
1450 579 1637 612 Arridebat

191 652 334 686 subinde
360 659 396 687 et
422 656 534 699 imago
566 655 760 688 Servatoris
786 656 820 687 111
847 667 948 688 cruce
974 655 1168 698 pendentis,
1196 659 1234 686 ut
1265 665 1304 687 ea
1336 654 1378 686 de
1409 664 1444 685 re
1475 652 1575 685 facile
1601 652 1637 683 in

190 726 342 758 animun]
371 727 546 759 induxerit
574 726 671 759 suum
699 726 732 760 se
759 726 849 771 poise
877 725 1141 771 auspicatissime
1166 726 1237 759 illic
1264 727 1388 758 vivere.
1441 724 1534 757 Dum
1553 723 1638 756 talia

191 799 344 837 miratur,
369 799 500 842 aliquot
519 811 562 832 ex
580 799 762 833 sodalitate
780 800 839 833 illa
858 805 981 843 patres,
1010 800 1134 842 quibus
1152 797 1284 842 singula
1303 800 1336 830 in
1356 810 1396 831 eo
1414 798 1559 841 negocio
1577 796 1636 829 ab·

190 870 249 902 bas
283 872 431 914 primum
470 869 684 915 significarat,
724 883 803 904 eum
839 869 1078 904 humanissime
1114 869 1312 913 suscipiunt,
1347 874 1383 902 et
1417 869 1636 902 admirabun-

189 943 271 974 dum
290 954 311 975 a
327 944 483 976 novitate
501 948 537 975 et
555 941 731 987 congressu
749 942 921 976 seniorum
939 943 1068 986 jubent
1086 941 1152 975 effe
1170 942 1261 974 bono
1280 946 1316 974 et
1336 942 1480 974 infracto
1500 942 1635 979 3111111ος

190 1025 253 1046 nec
285 1020 444 1048 vereatur
478 1017 629 1059 (rogant)
661 1016 703 1047 dc
737 1015 872 1048 abbatis
906 1012 1084 1058 111-00111115,
1120 1018 1325 1058 accepturus
1360 1014 1466 1046 etiam
1496 1014 1635 1056 majora.

191 1085 334 1119 Diceres
358 1087 431 1130 jam
463 1094 537 1120 tum
570 1099 689 1120 eorum
717 1099 805 1130 quae
836 1088 925 1120 facta
950 1086 1029 1119 sunt
1059 1085 1177 1130 postea
1207 1098 1276 1119 non
1308 1086 1384 1119 leve
1410 1085 1635 1130 praesagium.

190 1159 246 1191 Ita
263 1160 306 1192 ad
332 1158 365 1192 se
388 1159 511 1204 finguli
538 1161 718 1203 rapiebant
735 1159 914 1198 Thomam,
939 1164 978 1192 ut
1005 1158 1135 1192 nescias
1161 1170 1204 1192 an
1231 1158 1341 1202 ipsum
1368 1159 1634 1191 fortunatiorem

189 1233 247 1274 qui
265 1232 351 1264 adeo
377 1230 516 1264 festivos
539 1237 575 1264 et
601 1233 769 1276 benignos
795 1236 911 1275 patres
937 1232 1164 1269 adinvenerit,
1191 1242 1235 1264 an
1261 1231 1338 1263 illos
1364 1231 1534 1264 feliciores
1561 1232 1635 1273 qui-

189 1304 251 1336 bus
278 1308 376 1336 tanta
402 1309 543 1347 tamque
562 1303 713 1347 spe-&ata
739 1304 854 1337 indole
882 1305 1067 1348 contigerit
1085 1303 1292 1336 adolescens.
1338 1303 1439 1336 Illinc
1467 1303 1633 1336 deductus

188 1376 237 1409 est
256 1377 298 1409 ad
316 1377 477 1409 abbatem
497 1377 552 1409 cui
570 1388 639 1409 11011
658 1375 866 1420 inspectatus
884 1376 1082 1409 advenerat.
1134 1375 1189 1408 Ac
1207 1373 1281 1419 post
1299 1375 1432 1418 aliquot
1451 1376 1533 1413 dies,
1553 1386 1632 1408 cum

188 1448 297 1481 altero
324 1449 379 1481 cui
405 1460 533 1481 nomen
559 1453 633 1481 erat
658 1448 787 1481 Joanni
814 1448 987 1485 Richardi,
1014 1446 1124 1480 sacras
1151 1447 1249 1490 (111135
1269 1449 1408 1490 vocant)
1436 1445 1546 1480 vestes
1573 1458 1633 1490 per

187 1521 348 1553 abbatem
376 1521 509 1554 oblatas
537 1521 671 1553 induit:
703 1521 758 1553 die
785 1521 948 1552 nimirum
975 1519 1190 1563 Epiphaniae
1217 1520 1260 1552 ab
1286 1517 1422 1552 Christo
1440 1523 1522 1552 nato
1541 1530 1630 1552 anno

186 1592 367 1626 millesimo
386 1591 722 1637 quadringentesimo
741 1590 970 1636 oauagefimo
988 1590 1144 1635 septimo.

236 1666 262 1697 F
265 1667 359 1699 actus
377 1666 580 1699 candidatus
607 1663 841 1698 Cistercienfis
868 1663 1028 1703 instituti,
1057 1665 1168 1697 acrius
1199 1663 1311 1696 multo
1342 1675 1445 1707 quam
1473 1664 1556 1697 alias
1580 1663 1629 1696 sui

186 1739 314 1782 ingenii
345 1739 433 1770 vires
463 1739 498 1770 in
529 1737 710 1770 ediscendo
740 1738 941 1770 memoriter
970 1735 1140 1780 psalterio,
1171 1736 1318 1779 hymnis,
1347 1737 1500 1774 canticis,
1531 1740 1567 1768 et
1595 1737 1628 1768 id

184 1821 293 1854 genus
311 1810 386 1843 aliis
405 1810 570 1842 exercuit.
622 1809 696 1843 Vix
715 1809 833 1843 credas
859 1809 1027 1852 quantulo
1047 1814 1204 1852 tempore
1222 1809 1257 1840 id
1276 1809 1367 1851 quod
1384 1808 1540 1852 plerique
1558 1819 1627 1841 11011

184 1882 314 1914 infelici
344 1883 483 1926 ingenio
510 1880 771 1920 consueverunt,
802 1882 988 1914 memoriae
1019 1881 1279 1914 commendarit.
1332 1880 1464 1914 Octavo
1490 1892 1627 1924 quoque

184 1955 239 1987 die
258 1954 311 1996 (ut
329 1955 444 1997 audio)
464 1965 573 1987 unum
591 1954 741 1998 psalterii
760 1954 966 1986 nocturnum
992 1952 1051 1986 suo
1069 1954 1103 1985 in
1122 1954 1175 1986 his
1193 1964 1281 1996 quae
1300 1954 1342 1986 de
1360 1953 1526 1997 religione
1548 1953 1627 1987 sunt

183 2028 369 2065 formatori,
405 2027 468 2059 hoc
503 2024 562 2065 est,
598 2027 737 2058 domino
773 2025 923 2058 Patricio
959 2025 1007 2057 W
1011 2024 1095 2058 ilson
1133 2026 1334 2058 memoriter
1372 2028 1624 2069 pronunciavit.

184 2099 277 2131 Hinc
304 2098 466 2142 colligere
487 2098 563 2141 quis
588 2096 701 2141 potest
727 2099 809 2140 quid
836 2096 1046 2141 praestiterit
1072 2099 1107 2130 in
1128 2098 1270 2141 reliquis
1296 2099 1355 2141 qui
1381 2099 1467 2131 adeo
1493 2100 1528 2131 111
1549 2111 1624 2143 gra-

183 2171 333 2204 vioribus
363 2171 536 2214 egregiam
567 2171 744 2202 navaverit
776 2181 925 2213 operam.
989 2170 1163 2202 Revoluto
1194 2181 1293 2208 anno,
1322 2170 1377 2202 die
1407 2170 1528 2202 eadem
1556 2182 1624 2214 qua

183 2242 344 2276 detonsus
363 2243 511 2285 primum
530 2242 605 2280 fuit,
624 2242 811 2285 publicitus
830 2243 864 2274 111
884 2241 1015 2285 templo
1033 2253 1103 2275 uua
1121 2253 1199 2274 cum
1219 2242 1352 2287 collega
1369 2241 1427 2275 suo
1446 2244 1621 2286 conceptis

184 2315 295 2347 verbis·
322 2327 363 2347 cx
393 2326 486 2346 more
505 2315 539 2346 in
559 2313 833 2346 observationem
860 2313 1108 2347 Bmmdiffinac
1135 2314 1274 2358 regulae
1301 2313 1442 2357 aliisque
1469 2314 1619 2357 ejusdem
