1861 2786
214 256 256 285 30
670 248 909 283 HISTORIA
936 247 1184 282 ABBATUM

217 350 306 380 1440
325 347 368 379 ob
386 356 504 389 parum
523 344 685 388 pudicam
703 345 811 377 vitam
829 344 872 377 de
889 344 997 388 gradu
1015 343 1074 376 suo
1092 344 1244 387 dejectus
1268 342 1330 376 sub
1348 342 1488 376 Abbate
1506 340 1530 376 J
1534 353 1646 376 oanne

215 419 325 453 Elem,
353 421 397 450 ΞΟ
424 427 531 450 annos
548 420 642 448 totos
660 416 793 459 private
810 413 928 459 postea
945 416 1042 448 vixit.
1094 415 1265 448 Referunt
1282 415 1438 458 majores,
1458 425 1537 447 cum
1556 415 1647 447 fama

215 488 295 522 esset
312 490 404 521 hunc
419 488 596 520 Abbatem
609 487 797 530 plurimum
811 484 981 531 collegisse
995 487 1171 529 pecuniae,
1189 488 1289 519 noete
1303 487 1450 529 quadam
1463 487 1495 518 vi
1510 491 1646 529 raptum

215 563 256 593 de
272 562 373 593 domo
390 559 449 592 sua
466 560 501 591 in
519 563 619 602 porta
637 557 851 597 Monasterii,
866 558 924 591 ubi
938 569 1048 601 nuper
1060 557 1141 591 arfit
1158 556 1331 591 stabulum
1350 557 1509 596 Abbatis,
1529 570 1546 590 a
1566 569 1648 600 quo-

215 634 293 665 dam
312 633 353 664 de
372 630 506 669 Duffus,
534 631 601 673 qui,
628 628 808 662 frustratus
827 630 988 673 opinione
1014 628 1081 667 sua,
1106 628 1284 662 Abbatem
1306 628 1421 663 statim
1440 629 1595 662 illaesum
1613 631 1648 661 in

216 701 467 737 Monasterium
493 703 585 735 unde
611 703 777 735 eduxerat
805 699 954 740 remifit;
981 712 1021 734 ea
1045 702 1087 734 de
1111 712 1158 740 re,
1184 705 1224 733 ut
1243 701 1344 745 vulgo
1371 702 1530 739 creditur,
1558 701 1649 734 male

217 774 310 809 cellit
326 775 376 807 illi
392 775 507 807 domui
522 786 541 807 a
556 773 680 806 Duffus
694 777 872 817 perpetuo,
886 773 997 806 veluti
1011 774 1069 816 qui
1083 772 1330 806 sacrosanctum
1346 772 1477 806 Beatae
1493 773 1619 806 Matris
1631 785 1651 806 a

218 847 352 891 Kynlos
370 846 513 879 Numen
532 847 567 878 in
586 845 644 878 suo
660 845 800 878 Abbate
818 845 860 878 ad
880 845 1049 878 ultionem
1067 846 1272 884 irritaverit3
1297 856 1402 888 quare
1419 845 1504 878 abiit
1521 846 1556 877 in
1575 857 1652 888 pro-

218 920 384 957 verbium,
404 918 560 950 futurum
579 923 618 950 ut
638 922 736 960 porta
755 916 957 950 Monasterii
972 928 992 949 a
1005 916 1141 960 Kynlos
1155 917 1293 960 dejiciat
1308 916 1444 949 Duffus.
1495 917 1569 950 Sub
1586 918 1651 949 hoc

218 991 358 1023 Abbate
377 991 535 1022 dominus
550 989 726 1022 Arthurus
744 989 845 1032 hujus
863 988 928 1021 loci
946 989 1134 1021 monachus
1153 988 1281 1021 electus
1300 987 1350 1021 est
1368 990 1403 1021 in
1418 988 1594 1021 Abbatem
1609 989 1651 1021 de

219 1063 312 1101 Dier,
341 1061 414 1107 [et]
442 1062 524 1095 illuc
550 1062 723 1105 profectus
741 1058 984 1093 monasterium
1012 1061 1131 1093 decem
1150 1071 1257 1093 annos
1275 1061 1387 1099 rexit3
1414 1061 1538 1093 deinde
1559 1064 1650 1093 1100

219 1145 349 1167 marcas
367 1134 521 1167 Scoticas
540 1132 600 1165 suo
618 1130 825 1165 monasterio
839 1144 858 1165 a
874 1131 959 1164 Dier
977 1133 1127 1164 moriens
1144 1130 1318 1174 relinquit.
1370 1131 1491 1165 Abbas
1510 1131 1651 1165 Flutere

216 1207 345 1249 recepit
363 1207 398 1238 in
416 1205 623 1237 monachum
642 1204 819 1236 dominum
837 1203 860 1236 J
864 1214 1009 1236 oannem
1030 1203 1162 1241 Culros,
1183 1203 1362 1236 dominum
1379 1203 1402 1236 J
1405 1203 1550 1236 acobum

217 1276 444 1321 piscationum
470 1274 655 1314 custodem,
683 1280 718 1307 et
746 1275 923 1307 (lominum
948 1274 1164 1307 Gulielmum
1191 1273 1355 1307 Bouston.
1407 1274 1522 1318 Hujus
1548 1276 1653 1308 etiam

221 1356 377 1392 tempore
401 1348 560 1380 dominus
577 1347 730 1380 Joannes
758 1346 964 1385 Ranaldson,
992 1343 1222 1379 Melroffenfis
1240 1347 1438 1385 monachus,
1465 1348 1500 1379 in
1519 1347 1655 1391 Kynlos

221 1418 442 1463 transpositus
476 1418 535 1451 est.
599 1418 642 1451 In
675 1418 778 1461 hujus
809 1417 958 1450 Abbatis
992 1415 1194 1461 magistratu
1225 1418 1345 1461 dejecti
1375 1417 1454 1451 sunt
1489 1417 1654 1452 Monaehi

222 1493 305 1525 Albi
332 1504 351 1524 a
378 1491 572 1534 Pluscardy‚
604 1495 639 1523 et
667 1490 769 1533 Niga-i
795 1487 985 1522 intromissi.
1037 1489 1092 1522 Ex
1113 1489 1224 1527 Albis,
1256 1490 1323 1522 duo
1352 1492 1489 1534 excepti
1517 1489 1594 1523 sunt
1621 1492 1655 1523 in

225 1564 371 1607 Kynlos,
400 1565 462 1596 viz.
486 1563 645 1595 dominus
663 1562 817 1594 Joannes
836 1561 966 1604 Henry,
994 1566 1029 1593 et
1055 1561 1214 1593 dominus
1231 1560 1385 1594 Joannes
1411 1561 1536 1606 Bynes.
1587 1562 1656 1595 Sed

222 1636 277 1668 hic
295 1635 410 1679 Bynes
429 1646 507 1667 cum
527 1635 675 1678 turpiter
689 1635 821 1666 viveret
835 1635 871 1665 in
890 1633 1034 1676 Kynlos,
1049 1630 1166 1676 postea
1179 1633 1222 1666 ab
1235 1632 1258 1665 J
1261 1644 1372 1666 oanne
1386 1633 1502 1666 Ellem
1515 1634 1657 1667 Abbate

225 1704 446 1750 transpositus
463 1704 513 1739 est
530 1707 566 1739 in
584 1705 678 1743 Deir,
699 1706 758 1738 ubi
777 1710 812 1737 et
830 1705 953 1748 plenus
971 1705 1069 1737 annis
1087 1705 1179 1737 diem
1197 1702 1317 1737 claufit
1335 1710 1540 1738 extremum.

399 1825 576 1858 DOMINUS
601 1824 773 1857 JOANNES
799 1824 938 1862 ELLEM,
965 1823 1090 1856 ABBAS
1116 1834 1136 1856 A
1163 1823 1318 1857 KYNLos
1345 1824 1491 1857 XVIII.

577 1896 674 1929 Obiit
702 1900 722 1929 4
750 1896 801 1928 Id.
822 1895 904 1929 Feb.
924 1896 1030 1928 Anno
1048 1895 1191 1928 Domini
1212 1897 1313 1932 1467.

278 1991 312 2024 Is
337 1991 491 2024 tabulam
515 1992 653 2034 majoris
676 2002 753 2024 arae
772 1989 1087 2033 incomparabilem,
1115 1990 1319 2024 candelabra
1337 1991 1404 2023 duo
1431 1996 1595 2036 argentea
1620 1994 1662 2026 ad

229 2064 338 2106 majus
356 2063 472 2101 altare,
492 2063 633 2095 tertium
653 2074 696 2095 ex
715 2062 917 2101 aurichalco,
936 2061 1036 2105 super
1050 2073 1117 2105 quo
1135 2062 1263 2106 legitur
1277 2060 1401 2095 Christi
1421 2062 1660 2108 Evangelium,

230 2135 361 2177 aliquot
386 2135 490 2167 etiam
517 2134 717 2168 dalmaticas
744 2140 779 2167 et
805 2133 942 2172 casulas,
970 2135 1005 2166 in
1030 2133 1129 2166 suum
1165 2133 1419 2167 Monasterium
1446 2136 1663 2178 deportavit;

231 2207 396 2240 excitavit
413 2211 590 2249 praeterea
606 2210 741 2249 portam
760 2204 897 2239 claustri
916 2217 996 2238 cum
1014 2206 1144 2238 fornice
1161 2206 1318 2249 proxime
1345 2207 1387 2239 ad
1410 2206 1664 2240 Monachorum

233 2279 392 2317 culinam,
417 2279 558 2322 parabat
586 2278 716 2321 lapides
734 2283 769 2310 et
788 2282 918 2311 turrem
945 2289 1189 2321 campanarum
1216 2283 1252 2311 et
1277 2279 1582 2323 contignationem,
1607 2278 1664 2312 sed
