1861 2786
289 737 575 770 REVERENDO
595 736 645 766 IN
664 735 863 766 CHRISTO
882 733 1034 768 PATRI,
1056 732 1241 762 DOMINO
1259 730 1458 761 THOMAE
1477 729 1608 760 CRYS-

286 805 436 836 TALLO
463 803 635 834 ABBATI
669 800 959 832 MONASTERII
989 800 1018 829 A
1047 798 1235 829 KYNLOS
1262 795 1605 828 CISTERCIENSIS

289 870 531 901 INSTITUTI
558 867 780 899 PATRONO
803 867 889 896 SUO
912 864 1178 900 SINGULARL
1203 863 1413 894 JOANNES
1437 861 1605 892 FERRE-

290 937 394 967 RIUs
418 933 815 967 PEDEMONTANUS.
861 934 890 961 S.
918 932 952 962 P.
974 932 1015 961 D.

208 1075 338 1108 VETUS
352 1074 570 1112 consuetudo,
592 1073 796 1107 Reverende
811 1071 971 1110 Domine,
986 1082 1006 1103 a
1019 1069 1136 1114 priicis
1150 1075 1186 1102 et
1200 1069 1348 1102 ethnicis
1362 1069 1443 1101 viris
1457 1069 1607 1111 repetita

161 1159 200 1180 ac
227 1145 320 1190 quafi
346 1147 473 1180 tradita
499 1158 560 1189 per
580 1156 703 1178 manus
722 1146 756 1177 in
775 1142 925 1177 nostram
952 1142 1059 1186 usque
1084 1147 1236 1176 aetatem
1263 1142 1427 1180 derivata,
1454 1142 1607 1174 obtinuit

161 1224 199 1252 ut
219 1219 382 1252 Calendis
407 1218 582 1251 Januariis
603 1218 690 1250 alius
713 1217 830 1255 alium,
849 1216 957 1248 veluti
984 1214 1123 1259 publico
1148 1213 1357 1257 salutarique
1383 1212 1531 1257 auspicio
1558 1215 1609 1246 in-

161 1292 333 1334 ceptantis
351 1292 441 1329 anni,
469 1288 582 1324 strena
608 1291 788 1332 amicoque
814 1289 955 1321 donario
981 1285 1188 1320 honestaret.
1240 1285 1281 1318 Id
1299 1297 1379 1319 cum
1397 1285 1608 1330 saepiuscule

161 1368 243 1396 ante
261 1373 388 1406 paucos
405 1363 478 1395 dies
497 1364 532 1395 in
554 1363 669 1395 animo
688 1361 881 1394 volutarem
898 1371 987 1398 meo,
1014 1363 1049 1392 et
1068 1364 1165 1392 tuam
1183 1370 1264 1402 erga
1281 1369 1337 1391 me
1354 1359 1608 1402 benignitatem

162 1436 418 1469 circumferrem
436 1436 472 1467 in
490 1435 628 1478 pettore
654 1433 841 1477 effigiatam
867 1436 1055 1476 perpetum
1082 1432 1219 1465 decrevi
1238 1432 1380 1464 tandem
1399 1430 1423 1463 fi
1442 1442 1510 1474 qua
1535 1436 1609 1463 arte

161 1506 292 1551 poffim,
310 1519 380 1540 non
398 1508 474 1540 dico
492 1517 548 1540 me
562 1518 640 1540 aere
653 1511 715 1539 tuo
729 1503 929 1537 obstriaum
943 1503 1122 1542 resolvere,
1140 1502 1262 1536 saltem
1277 1502 1481 1536 munusculo
1494 1503 1609 1546 aliquo

163 1581 330 1613 litterario
362 1580 458 1623 (quid
484 1579 578 1612 aliud
604 1589 729 1622 queam
742 1578 770 1621 2)
795 1578 862 1610 mei
895 1577 1001 1610 animi
1027 1587 1109 1620 erga
1134 1580 1170 1609 te
1196 1576 1381 1609 candorem
1409 1574 1607 1621 significare.

164 1652 241 1685 Nec
267 1651 346 1685 satis
372 1652 583 1689 occurrebat,
610 1651 693 1694 quid
718 1651 868 1694 primum
886 1649 1091 1694 aggrederer
1108 1653 1190 1681 tuae
1209 1648 1371 1692 dignitati
1388 1648 1608 1692 aptiflimum,

163 1731 197 1757 et
218 1726 303 1757 meis
321 1722 511 1757 studiorum
538 1724 710 1757 laboribus
736 1722 963 1755 honorificum
991 1732 1138 1765 quoque.
1190 1720 1232 1753 In
1258 1722 1377 1764 primis
1404 1722 1513 1754 virtus
1539 1727 1609 1759 tua,

164 1808 243 1829 curn
262 1797 296 1829 in
315 1797 457 1840 privatis
475 1802 551 1829 tum
568 1796 716 1840 publicis
741 1795 894 1838 negociis
920 1793 1133 1838 praecellens
1159 1793 1320 1831 maxime,
1348 1793 1552 1826 hortabatur
1569 1798 1609 1826 ut

163 1870 253 1901 vires
278 1869 496 1901 intenderem
523 1869 558 1900 in
584 1879 620 1900 re
646 1868 807 1910 quapiam
833 1867 1009 1911 graviore3
1040 1863 1101 1898 nifi
1128 1866 1293 1908 temporis
1319 1864 1496 1910 angustiae
1526 1867 1608 1900 mibi

164 1941 305 1974 modum
324 1939 532 1973 indixiffent.
570 1939 626 1973 Ita
639 1951 776 1973 meeum
791 1939 1004 1983 reputabam,
1024 1939 1082 1981 qui
1097 1937 1182 1970 velit
1199 1942 1339 1971 tantum
1356 1940 1468 1982 operis
1487 1939 1609 1978 moliri,

164 2024 243 2045 eum
263 2023 331 2045 non
349 2011 457 2045 solum
475 2012 596 2056 grandi
615 2013 699 2050 ocio,
717 2010 774 2044 sed
789 2011 954 2054 temporis
967 2009 1080 2054 spacio
1094 2009 1248 2054 longiore
1261 2011 1314 2043 uti
1327 2016 1507 2054 oportere;
1526 2013 1609 2044 mihi

165 2096 245 2117 vero
280 2085 488 2122 incumbere,
523 2088 563 2116 ut
597 2088 868 2126 extemporaneo
905 2083 1020 2125 aliquo
1054 2081 1267 2121 munusculo,
1304 2087 1401 2116 tuam
1440 2095 1521 2128 erga
1554 2095 1609 2117 nie

165 2156 411 2189 liberalitatem
430 2157 584 2200 ignotam
602 2154 722 2187 multis
741 2154 798 2196 (ne
818 2155 906 2187 forte
924 2155 1030 2187 nimio
1048 2153 1193 2194 filentio,
1213 2156 1472 2200 ingratitudinis
1490 2161 1609 2190 notam

164 2229 390 2271 incurrerem)
414 2239 507 2260 nunc
524 2225 776 2260 testatiffimam
800 2227 959 2260 facerem.
1012 2226 1163 2260 Dabitur
1189 2226 1273 2260 alias
1299 2229 1548 2272 opportunitas,
1571 2234 1610 2262 ut

165 2301 293 2344 majore
310 2298 430 2343 spiritu
448 2304 526 2333 tuas
544 2311 583 2333 ac
601 2299 733 2332 alumni
753 2300 805 2332 tui
824 2298 970 2332 Roberti
998 2299 1133 2332 abbatis
1152 2300 1299 2332 virtutes
1325 2298 1554 2344 ampliffimas,
1574 2302 1609 2333 in
