1861 2786
592 280 912 315 MONASTERII
937 281 971 314 A
998 281 1216 316 KYNLOS.
1589 289 1632 321 73

193 378 343 410 intendit
370 376 497 415 oculos,
528 374 621 419 quasi
648 376 734 409 nihil
761 376 917 409 laborum
945 389 983 410 ac
1003 389 1161 410 curarum
1188 376 1255 410 suis
1273 375 1414 421 posteris
1436 378 1631 422 relinquere

192 450 318 493 cupiat.
361 448 458 482 Duas
482 448 685 481 moletrinas
711 449 802 492 apud
821 448 992 493 Strathily
1010 450 1215 483 aedificavit.
1263 449 1305 482 In
1325 449 1471 494 Kynlos‚
1490 451 1630 484 domum

191 520 269 554 satis
299 520 448 564 amplam
479 520 522 553 ad
552 521 715 553 torrenda
747 532 854 565 grana
887 520 1083 564 priusquam
1114 522 1148 553 in
1180 522 1400 555 moletrinam
1432 523 1633 556 deferantur

191 594 311 632 erexit,
330 603 433 636 quam
457 590 623 625 ustrinam
649 593 790 625 nomine
816 592 1003 625 admodum
1029 598 1110 636 apto
1133 593 1246 626 dicere
1272 592 1383 637 poffis.
1436 594 1492 633 Et,
1512 600 1551 628 ut
1569 597 1633 627 mi-

190 664 315 698 nutula
342 662 526 708 persequar
560 675 629 697 non
659 665 774 697 minus
804 668 922 697 tamen
954 662 1149 703 necessaria,
1184 665 1407 699 moletrinam
1438 678 1457 699 a
1483 666 1630 710 Kynlos,

190 736 426 770 ambulacrum
445 748 465 769 a
482 735 651 780 peristylis
675 734 891 779 claustroque
909 737 952 769 ad
970 738 1226 781 aegrotantium
1252 739 1499 771 monachorum
1519 740 1631 777 aedes,

189 808 423 853 religiosorum
441 808 603 847 culinam,
622 812 658 841 et
676 808 817 841 domum
844 809 1009 852 majorem
1027 809 1085 841 ubi
1105 808 1274 842 salmones
1292 809 1383 843 saliti
1402 808 1630 849 affervantur3

190 882 273 914 haec
310 882 426 914 omnia
452 882 488 913 in
522 881 794 924 contignatione,
829 881 1004 919 tabulatis,
1040 880 1212 924 postremo
1246 886 1282 914 et
1317 882 1409 915 tecto
1446 884 1629 926 reparavit.

190 953 312 986 Erexit
337 957 374 986 et
400 954 541 986 domum
568 952 713 986 alteram
744 952 925 996 lapideam,
957 952 1056 996 supra
1082 951 1327 999 monasterium
1358 955 1400 987 ad
1429 954 1497 987 duo
1523 955 1631 987 millia

189 1023 353 1068 passuum,
372 1025 431 1058 ubi
449 1024 619 1058 salmones
638 1025 770 1068 cymbis
788 1029 824 1057 et
842 1025 974 1058 retibus
992 1026 1085 1068 capti
1103 1036 1196 1058 nunc
1214 1023 1434 1058 affervantur.

238 1095 432 1130 Studiofius
450 1098 556 1130 etiam
576 1097 617 1130 ad
637 1107 709 1129 rem
727 1095 855 1130 sacram
874 1097 1067 1130 faciendam
1095 1097 1214 1141 suique
1239 1097 1439 1131 monasterii
1467 1099 1628 1131 decorum

188 1170 351 1213 pleraque
377 1173 542 1213 argentea
559 1167 645 1206 vasa,
663 1167 772 1201 sacras
790 1167 910 1207 veste&
939 1174 974 1201 et
993 1170 1026 1201 id
1044 1180 1154 1213 genus
1180 1169 1246 1202 alia
1263 1181 1282 1202 e
1301 1171 1494 1203 continenti
1522 1170 1632 1204 Galli-

187 1252 284 1274 arum
303 1246 338 1273 et
354 1240 537 1274 Flandriae
556 1241 591 1272 in
606 1240 742 1284 Kynlos
761 1241 894 1284 maguis
912 1239 1073 1284 impensis
1091 1241 1214 1274 advehi
1233 1242 1376 1274 curavit.
1416 1242 1480 1280 Ac,
1501 1246 1539 1274 ut
1557 1253 1627 1274 rein

187 1312 292 1356 ipsam
318 1314 353 1345 in
380 1313 536 1345 ordinem
562 1312 713 1355 aliquem
737 1312 935 1351 referamus,
963 1314 1006 1346 de
1033 1312 1174 1358 singulis
1196 1314 1250 1347 hic
1277 1312 1370 1357 quasi
1397 1325 1458 1357 per
1476 1314 1630 1347 transen-

186 1397 266 1418 nam
285 1391 320 1418 et
338 1386 450 1418 obiter
468 1385 663 1417 viderimus.
718 1384 758 1417 In
777 1386 904 1428 primis,
924 1386 1062 1418 thecam
1081 1390 1282 1429 argenteam
1301 1386 1374 1427 (vas
1393 1384 1628 1419 Eucharistiae

186 1458 289 1502 vulgo
319 1458 454 1496 dicitur,
486 1458 520 1490 id
550 1456 609 1496 est,
642 1456 815 1490 sanctificii
844 1455 985 1490 crustuli
1011 1457 1211 1491 sacrofimai
1236 1458 1401 1501 panificii)
1433 1458 1560 1491 affabre
1594 1464 1630 1491 et

186 1530 297 1563 multo
316 1530 506 1563 confectam
537 1541 640 1573 opere
666 1530 708 1562 ad
734 1528 1004 1572 sesquicubitum
1031 1528 1100 1562 sese
1130 1529 1352 1563 attollentem
1371 1535 1407 1563 et
1424 1542 1495 1563 non
1512 1533 1629 1574 poeni-

186 1603 292 1635 tendo
310 1603 465 1645 pondere
483 1603 517 1634 in
537 1601 673 1645 Kynlos
692 1602 843 1634 advexit.
896 1601 1057 1635 Alteram
1075 1603 1160 1634 item
1174 1602 1322 1641 thecam,
1342 1603 1464 1635 eodem
1484 1605 1627 1636 artificio

186 1680 221 1707 et
240 1685 351 1718 opere,
370 1674 474 1718 paulo
492 1678 631 1707 tantum
650 1674 782 1706 minore
800 1674 912 1717 priore
931 1673 1046 1717 (hujus
1065 1675 1099 1706 in
1118 1674 1314 1707 meditullio
1333 1674 1402 1707 divi
1422 1674 1626 1718 Hieronymi

185 1758 229 1779 ex
256 1751 400 1791 argento
418 1746 547 1791 effigies
566 1746 678 1778 ereaa
697 1744 760 1789 est)
780 1746 815 1778 in
835 1746 1093 1778 venerationem
1119 1744 1228 1779 osseae
1245 1746 1436 1789 particulae
1454 1747 1522 1779 divi
1543 1746 1628 1779 Hie-

185 1820 319 1862 ronymi
346 1829 449 1862 quam
472 1818 543 1851 illic
561 1816 679 1861 postea
704 1816 852 1856 inclusit,
872 1818 1044 1861 adportari
1067 1819 1210 1851 curavit.
1262 1818 1318 1857 Et,
1338 1819 1379 1851 ad
1398 1817 1626 1852 ministerium

184 1890 421 1928 sacrificorum,
457 1894 605 1933 quatuor
635 1895 817 1934 argenteos
848 1890 973 1923 calices
1007 1890 1279 1933 quaquaversum
1316 1891 1507 1929 deauratos,
1543 1892 1627 1924 duas

184 1962 324 2005 phialas,
351 1962 548 2005 pollubrum
572 1972 737 2005 magnum
764 1960 853 2000 satis,
881 1966 916 1994 et
934 1962 977 1994 ad
995 1962 1246 1995 infundendam
1265 1963 1300 1995 in
1318 1962 1483 1996 malluvio
1502 1975 1623 2006 aquam

183 2039 334 2078 guttum,
350 2034 566 2067 thuribulum
580 2035 614 2066 in
630 2045 697 2077 quo
712 2034 792 2066 thus
810 2033 988 2072 adoletur3
1016 2035 1131 2067 omnia
1150 2035 1233 2068 haec
1248 2039 1421 2079 argentea,
1441 2034 1498 2068 sua
1513 2047 1624 2079 opera.

183 2105 250 2139 suis
267 2104 438 2149 impensis,
459 2107 494 2139 in
512 2105 609 2139 suum
629 2105 875 2139 monasterium
895 2108 1039 2139 invexit.

231 2178 352 2221 Atque
364 2179 399 2211 in
413 2177 510 2211 usum
524 2177 662 2211 mensae
674 2177 754 2211 suae
767 2183 904 2222 pateras
918 2178 976 2212 seu
991 2183 1140 2212 crateras
1151 2184 1300 2222 quatuor
1311 2185 1491 2225 argenteas
1507 2182 1516 2221 (
1522 2181 1576 2213 vul
1581 2193 1623 2224 go

184 2248 296 2283 taflias
316 2250 450 2294 dicunt)
465 2252 602 2289 coemit,
617 2262 762 2294 quarum
779 2252 839 2284 uni
858 2252 991 2285 accedit
1006 2256 1041 2284 et
1056 2256 1260 2296 argenteum
1273 2253 1485 2297 operculum.
1526 2253 1623 2285 Emit

184 2326 219 2354 et
236 2321 295 2355 sex
313 2332 478 2356 cumanos
492 2334 535 2355 ex
553 2327 697 2367 argento
712 2323 844 2361 calices,
859 2321 928 2356 five
941 2323 1041 2356 malis
1055 2324 1161 2357 obbas
1175 2329 1236 2358 aut
1251 2324 1480 2369 sephunculos
1496 2325 1620 2368 (plebei
