1861 2786
233 284 275 319 76
687 279 927 313 HISTORIA
954 279 1203 314 ABBATUM

230 383 303 411 tam
322 375 593 419 distinaamque.
645 374 687 408 In
706 376 821 419 cappis
839 380 957 408 autem
976 376 1074 419 (quas
1089 377 1227 419 vocant)
1245 380 1381 419 praeter
1394 376 1489 409 illam
1507 376 1667 409 florulen-

230 455 302 483 tam
329 461 371 482 ex
398 460 480 482 auro
507 447 623 480 textili
650 447 747 490 eujus
768 447 870 490 paulo
897 452 978 481 ante
1004 449 1219 481 mentionem
1246 448 1400 487 fecimus,
1429 447 1561 491 septem
1586 448 1668 481 alias

231 522 341 554 aureis
360 524 394 553 et
412 519 644 563 hyacinthinis
662 519 728 551 filis
746 520 812 552 rite
826 519 1097 563 quaquaversum
1116 521 1312 565 phrygiatas
1331 521 1366 553 in
1384 519 1481 552 suum
1500 518 1669 553 monaste-

229 595 317 626 rium
332 592 475 630 invexit,
494 602 598 624 unam
613 603 657 624 ex
676 590 792 624 villosa
806 596 841 623 et
854 589 947 635 byffo
966 593 1084 635 cyanei
1099 592 1230 630 coloris,
1244 593 1327 625 duas
1341 592 1461 624 itidem
1481 591 1615 624 villosas
1634 596 1669 624 et

230 663 376 709 byffinas
397 665 616 708 nigricantes,
645 663 792 696 totidem
819 675 998 706 pcrraceas
1024 665 1128 697 etiam
1148 676 1190 697 ex
1209 663 1312 708 byfl'o,
1339 676 1378 697 ac
1402 665 1485 696 duas
1507 676 1550 696 ex
1576 662 1667 707 byfl'o

230 737 382 781 palmata
399 741 434 769 et
453 736 631 769 undulata.
692 735 854 768 Proxime
880 736 932 768 his
957 737 1128 769 accedunt
1152 737 1239 769 duae
1265 737 1382 780 nigrae
1409 748 1452 769 ex
1478 734 1668 769 semiserico

231 821 374 852 quarum
388 808 467 841 usus
479 809 514 840 in
532 812 748 840 mortuorum
764 807 949 846 funeribus,
969 812 1005 840 et
1023 808 1250 840 litationibus.
1293 807 1344 841 Ac
1363 819 1407 841 ne
1418 819 1479 851 per
1493 809 1668 845 incuriam,

231 881 346 914 statim
376 882 494 924 inepte
525 880 702 913 traebando
733 890 771 912 ac
802 880 1004 922 perturbate
1034 881 1243 918 deficerent3
1279 881 1313 912 in
1345 880 1419 913 loco
1450 892 1510 923 pro
1541 880 1668 912 foribus

230 955 364 987 faerarii
382 951 562 997 aptfflimo,
589 963 703 986 arcam
730 952 880 996 ligneam
907 953 1106 995 quadrantis
1132 953 1166 984 in
1193 963 1334 990 morem,
1362 953 1419 985 ubi
1446 964 1538 985 nunc
1556 952 1670 995 hujus-

230 1026 325 1058 modi
338 1024 549 1058 asservantur
562 1022 682 1063 vestes,
698 1025 855 1057 fabricari
873 1024 965 1057 fecit.
1009 1023 1051 1056 In
1070 1022 1215 1056 similem
1230 1023 1338 1063 usum,
1357 1036 1418 1067 pro
1435 1023 1502 1057 suis
1521 1023 1669 1057 vestibus

232 1102 267 1130 et
285 1098 421 1135 tunicis,
441 1098 525 1130 duos
540 1096 662 1130 abacos
678 1096 796 1140 (vulgo
808 1095 1058 1129 conservatoria
1072 1097 1330 1139 nuncupantur)
1346 1096 1549 1139 perpulchre
1560 1095 1670 1140 sculp-

231 1175 294 1208 tos,
313 1169 462 1202 alterum
480 1170 515 1201 in
534 1168 592 1201 suo
612 1168 818 1206 ambulacro,
838 1169 872 1200 in
891 1167 1050 1200 cubiculo
1067 1167 1126 1200 suo
1145 1168 1294 1200 alterum
1313 1167 1512 1212 composuit.

280 1241 358 1274 Nec
376 1242 491 1273 minus
514 1244 695 1273 accuratus
713 1240 779 1272 fuit
797 1241 832 1272 in
851 1240 1003 1272 ornanda
1031 1238 1172 1272 ecclesia
1190 1238 1249 1272 sua
1266 1240 1308 1272 ab
1328 1239 1461 1278 Ellone‚
1480 1241 1534 1273 cui
1552 1251 1669 1284 parem

232 1313 385 1346 tabulam
411 1314 553 1356 pictoria
579 1316 614 1344 et
640 1311 804 1344 statuaria
829 1316 903 1344 arte
930 1312 1128 1344 deauratam
1152 1323 1231 1344 cum
1257 1311 1317 1344 illa
1335 1311 1466 1345 Beatae
1486 1312 1611 1345 Matris
1635 1318 1669 1345 et

233 1386 388 1429 Virginis
406 1385 495 1428 apud
515 1384 650 1428 Kynlos
669 1384 711 1416 de
729 1395 796 1426 qua
814 1383 917 1427 paulo
935 1387 1017 1416 ante
1030 1382 1145 1415 sumus
1164 1383 1282 1422 locuti,
1302 1384 1461 1416 contulit.
1503 1383 1670 1417 Restituit

234 1468 369 1500 quoque
394 1457 463 1489 illic
486 1457 597 1499 majus
623 1456 730 1489 altare
758 1456 915 1488 tabulato
941 1456 999 1488 ubi
1027 1460 1062 1488 et
1089 1456 1188 1488 divae
1215 1455 1341 1488 Annae
1367 1454 1513 1489 statuam
1541 1458 1670 1495 erexit3

233 1530 435 1572 paravitque
461 1539 549 1561 nova
567 1529 602 1560 in
629 1528 732 1560 choro
758 1526 938 1565 subsellia3
966 1532 1001 1560 et
1028 1526 1138 1560 vestes
1165 1528 1207 1560 ad
1234 1538 1306 1559 rem
1324 1526 1452 1560 sacram
1480 1528 1671 1561 faciendam

233 1607 313 1639 tres,
333 1600 480 1633 casulam
499 1600 661 1632 videlicet
683 1611 725 1632 ex
752 1597 843 1642 bysso
870 1599 1030 1641 palmata,
1050 1600 1134 1631 duas
1153 1599 1362 1637 dalmaticas,
1382 1611 1461 1632 cum
1480 1599 1565 1633 albis
1584 1605 1619 1633 et
1638 1602 1672 1633 id

234 1684 342 1717 genus
360 1672 509 1715 reliquis,
537 1669 767 1704 liberaliffime
786 1675 971 1714 coemptas,
994 1671 1146 1703 tradidit.
1200 1670 1316 1703 Posuit
1335 1676 1370 1703 et
1388 1673 1423 1703 in
1441 1671 1564 1705 sacello
1583 1673 1672 1716 apud

235 1745 414 1788 Strathily,
434 1756 503 1777 non
522 1744 813 1777 contemnendam
833 1743 945 1776 Divae
963 1742 1119 1787 Virginis
1138 1748 1173 1775 et
1193 1743 1319 1776 Matris
1337 1745 1372 1775 in
1391 1743 1460 1776 sole
1477 1743 1636 1778 statuam.

283 1817 340 1850 Ad
375 1816 473 1849 usum
506 1820 685 1859 praeterea
714 1814 793 1848 suae
824 1815 984 1854 familiae,
1016 1820 1145 1852 cratem
1176 1816 1321 1848 ferream
1352 1815 1468 1860 (vulgo
1499 1818 1673 1849 caminum

235 1890 368 1931 dicunt)
397 1889 672 1931 offingentormn
698 1889 821 1931 pondo,
850 1888 934 1919 duos
961 1887 1104 1920 cacabos
1126 1887 1275 1920 aheneos
1301 1888 1343 1920 ad
1371 1886 1566 1921 cerevisiam
1594 1900 1673 1921 con-

234 1962 425 1997 ficiendam,
445 1959 522 1993 vasa
540 1959 682 1993 stannea
698 1959 945 2002 multiplicium
964 1960 1150 1992 formarum
1170 1960 1320 1992 ducenta
1338 1971 1381 1992 ex
1396 1959 1534 2003 Anglia,
1554 1965 1589 1993 et
1607 1961 1673 1993 alia

234 2033 346 2065 multa
364 2033 397 2064 in
417 2031 513 2064 usum
533 2032 781 2075 quotidianum,
801 2031 944 2063 lcffiflos
970 2030 1127 2074 plumeos
1153 2032 1403 2075 quinquaginta
1428 2043 1507 2064 cum
1533 2032 1672 2075 reliquis

235 2116 354 2137 eorum
380 2104 636 2147 appendicibus
663 2109 699 2136 et
722 2104 763 2136 ad
791 2103 994 2146 integendos
1019 2102 1124 2135 leetos
1142 2103 1217 2135 οὸὶο
1236 2107 1272 2135 et
1291 2104 1412 2147 viginti
1436 2102 1672 2147 peristromata

236 2176 353 2220 (vulgo
371 2175 595 2219 arresbeddis)
615 2173 801 2213 leikiflima,
831 2175 898 2207 duo
925 2175 1117 2217 pulvinaria
1143 2175 1239 2218 nigra
1265 2186 1308 2207 ex
1327 2173 1456 2208 villofl'a
1473 2174 1574 2218 byfl‘o,
1594 2187 1672 2208 cum

236 2252 383 2291 quatuor
404 2252 440 2280 et
458 2248 579 2291 viginti
598 2247 673 2280 aliis
691 2258 794 2290 opere
812 2247 980 2290 plumario
1000 2246 1139 2287 (Graeci
1158 2247 1279 2279 dicunt
1297 2258 1317 2280 a
1334 2247 1491 2279 liciorum
1505 2248 1672 2280 varietate

236 2319 419 2363 multiplici
437 2319 709 2363 polymitarium)
728 2319 860 2362 paravit
879 2329 949 2351 non
968 2329 1071 2360 parva
1089 2319 1235 2361 pecunia
1252 2318 1311 2351 sua
1328 2317 1543 2351 monasterio.
