1861 2786
199 267 217 296 Ω
226 267 244 296 4
658 259 898 294 HISTORIA
926 258 1173 292 ABBATUM

247 430 424 463 DOMINUS
450 429 682 461 RADULPHUS
987 453 994 465 ,
1023 426 1147 459 ABBAS
1174 438 1194 459 A
1222 426 1378 460 KYNLos
1404 426 1590 466 QUARTUS.

460 500 557 533 Obiit,
584 503 604 532 8
632 499 704 532 Cal.
734 498 944 532 Novembris
970 499 1076 531 Anno
1104 498 1245 531 Domini
1274 501 1375 531 1933.

250 645 282 677 Is
301 645 434 687 accepit
452 650 561 676 terras
579 655 598 676 a
617 643 790 687 Bmgyne,
818 643 969 676 donante
987 642 1190 675 Alexandro
1209 643 1393 675 Scotorum
1418 642 1515 686 Rege
1542 652 1641 675 xclv.

202 718 270 750 filio
298 716 465 750 Gulielmi
493 716 609 760 Regis,
637 727 726 748 anno
754 715 895 747 Domini
920 717 1019 747 1991.

250 791 322 822 Sub
349 790 488 822 initium
514 789 614 831 hujus
642 788 827 831 Radulphi‚
854 788 918 820 hoe
942 785 1001 825 est,
1028 798 1118 820 anno
1146 786 1288 819 Domini
1310 790 1410 825 1919,
1437 787 1503 819 fuit
1522 787 1644 820 elefitio

204 860 405 894 Monasterii
424 873 444 894 a
462 860 547 893 Deir
566 864 585 892 4
600 860 663 893 cal.
683 859 786 898 Feb.;
814 864 850 892 et
868 859 990 892 eodem
1017 859 1072 891 die
1098 859 1240 902 profeoffi
1265 857 1343 892 sunt
1369 859 1501 902 aliquot
1520 858 1644 891 Mona-

203 935 256 967 chi
290 946 333 966 ex
368 933 504 977 Kynlos
539 934 573 965 in
609 932 694 965 Deir
728 937 893 975 tanquam
927 932 962 963 in
997 942 1121 964 novam
1156 931 1338 964 coloniam.
1391 930 1644 964 Monac-horum

203 1005 445 1043 nominarunt,
467 1005 582 1049 Hugo,
598 1004 762 1042 Ardorus,
782 1008 818 1037 et
835 1003 1009 1041 Joannes;
1036 1004 1104 1045 qui,
1124 1004 1289 1036 continua
1302 1001 1517 1041 sueceffione,
1537 1003 1645 1036 altero

205 1079 406 1116 decedente,
426 1076 599 1120 subrogati
625 1075 703 1109 sunt
730 1078 764 1108 in
789 1074 939 1119 ejusdem
961 1075 1027 1108 loci
1054 1075 1206 1108 abbates.
1259 1074 1356 1108 Haec
1383 1076 1471 1109 faeta
1489 1074 1568 1108 sunt
1586 1076 1646 1108 sub

205 1151 330 1183 abbate
349 1162 368 1182 a
386 1149 521 1193 Kynlos
547 1154 680 1192 quarto,
708 1148 860 1180 Domino
888 1147 1081 1191 Radulpho,
1109 1159 1199 1180 anno
1225 1149 1335 1190 primo
1362 1145 1464 1191 ipsius
1489 1147 1648 1180 adminis-

206 1223 364 1255 trationis
400 1220 458 1262 (fic
493 1222 654 1264 opinatur
688 1222 722 1253 in
758 1219 816 1252 suo
851 1219 1008 1263 catalogo
1043 1220 1202 1253 dominus
1233 1220 1407 1253 Robertus
1438 1220 1645 1264 Stephanus,

206 1306 297 1326 nune
324 1294 423 1326 Prior
454 1305 473 1325 a
498 1293 606 1333 Deir,)
632 1293 723 1335 apud
753 1291 999 1324 monasterium
1025 1303 1045 1324 a
1070 1291 1216 1335 Kynlos.
1269 1291 1335 1324 His
1363 1292 1474 1325 tribus
1501 1293 1536 1324 in
1563 1292 1648 1325 Deir

207 1367 388 1399 abbatibus
419 1363 573 1399 succeffit
608 1370 750 1408 quartus
787 1364 820 1397 V
824 1364 1010 1397 alerantius
1045 1365 1195 1402 nomine,
1232 1365 1282 1397 vir
1318 1364 1370 1406 (ut
1405 1370 1480 1397 tuni
1515 1365 1646 1397 ferebat

207 1441 314 1481 aetas)
334 1439 423 1471 bene
441 1438 606 1475 eruditus,
627 1441 662 1469 et
681 1436 803 1469 Gallus
830 1437 980 1469 natione.
1032 1436 1238 1469 Valerantio
1265 1435 1418 1470 suceeffit
1445 1437 1646 1474 Riehardus,

207 1511 265 1553 qui
284 1509 399 1553 postea
418 1521 528 1542 nonus
546 1509 650 1542 abbas
668 1520 688 1541 a
706 1508 841 1552 Kynlos
860 1508 935 1541 fuit.

258 1726 433 1759 DoriiNus
459 1725 680 1758 RICHARDUS
1016 1750 1023 1762 ,
1043 1724 1167 1757 ABBAS
1191 1736 1211 1757 A
1238 1725 1394 1758 KYNLos
1420 1726 1600 1765 QUINTUS,

549 1796 646 1829 Obiit.
666 1795 716 1827 Id.
737 1794 896 1828 oenobris
914 1796 1020 1829 Anno
1040 1796 1181 1830 Domini
1204 1801 1304 1830 1941.

274 2010 450 2043 DOMINUS
476 2009 674 2042 HENRICUS
1022 2038 1029 2049 ‚
1049 2011 1174 2045 ABBAS
1201 2024 1221 2045 A
1250 2012 1405 2046 KrNLos
1432 2012 1587 2052 SEXTUS,

485 2080 583 2113 Obiit
603 2084 623 2113 4
643 2081 735 2114 Non.
756 2081 965 2115 Novembris
984 2082 1089 2116 Anno
1109 2083 1249 2117 Domini
1272 2088 1371 2117 1951.

259 2225 331 2258 Sub
350 2225 488 2257 initium
515 2224 616 2267 hujus
643 2225 785 2263 abbatis,
813 2227 951 2268 quidam
979 2227 1030 2259 vir
1047 2228 1249 2271 magnificus
1268 2229 1322 2261 cui
1350 2240 1475 2261 nomen
1498 2229 1561 2261 fuit
1582 2229 1650 2261 Ro-

210 2299 308 2330 berto
335 2294 531 2341 Augustini,
560 2297 656 2329 dedit
683 2308 772 2330 anno
799 2297 941 2330 Domini
972 2301 1071 2337 1944,
1099 2298 1312 2332 Monasterio
1338 2312 1357 2332 a
1384 2299 1518 2343 Kynlos
1544 2305 1651 2333 terras
