1861 2786
209 281 251 313 62
666 276 905 310 HISTORIA
933 277 1182 310 ABBATUM

209 376 257 408 ita
271 374 412 418 Superis
426 384 497 406 rem
513 373 798 415 temperantibus.
835 372 945 405 Paulo
960 371 1034 416 post
1049 374 1100 405 vir
1113 383 1193 405 eum
1207 372 1377 416 dignitate
1391 376 1467 405 tum
1480 373 1645 418 religione

209 446 348 491 insignis
375 446 533 479 dominus
558 444 712 478 Joannes
739 444 934 478 Sehanwell
960 445 1065 478 abbas
1095 443 1291 478 monasterii
1318 456 1337 478 a
1363 444 1488 489 Cupro,
1518 446 1578 479 ubi
1604 447 1647 479 de

210 531 315 563 puero
333 516 520 555 audivisset,
548 529 617 550 non
635 516 785 561 segniter
808 518 946 560 quidem
974 517 1042 556 ille,
1070 522 1225 550 attamen
1252 517 1393 550 volente
1419 517 1496 551 Deo
1514 517 1646 558 frustra,

210 591 408 629 elaboravit,
438 594 479 622 ut
510 588 570 622 fibi
597 589 725 632 suoque
757 588 962 622 monasterio
989 590 1193 622 traderetur.
1250 589 1423 633 Cupiebat
1449 591 1542 623 enim
1568 602 1648 625 eum

209 664 317 697 altero
336 664 494 707 egregiae
520 662 644 695 indolis
672 661 929 695 adolescentulo
956 663 1045 694 bene
1065 662 1203 695 literato
1222 661 1424 695 Alexandro
1451 662 1581 702 Heton,
1612 665 1647 696 in

209 736 304 768 suum
336 734 580 767 monasterium
616 734 783 767 Thomam
816 739 999 777 eooptare;
1035 739 1070 767 et
1101 739 1199 767 erant
1229 735 1385 768 confefflz
1414 746 1503 778 pene
1534 736 1649 769 omnia

210 806 271 840 nisi
290 807 393 840 solers
420 807 605 850 prudentia
622 807 729 839 divini
747 806 897 838 hominis
923 807 1053 839 domini
1081 807 1248 840 Gulielmi
1276 806 1446 840 Galbreth
1470 808 1604 840 abbatis
1630 820 1650 840 a

211 879 346 923 Kynlos
371 877 569 912 obstetisset.
622 878 715 911 Nam
743 890 820 911 cum
848 890 891 911 ex
920 878 1030 911 officio
1058 884 1093 911 et
1120 880 1333 912 authoritate
1359 878 1425 918 sua,
1452 880 1612 913 abbatem
1631 892 1651 913 a

211 951 349 984 Culross
366 964 405 985 ac
425 956 536 984 totam
556 951 650 984 illam
669 951 896 989 sodalitatem,
916 955 955 982 ut
973 948 997 982 fi
1016 952 1098 994 quid
1118 956 1258 984 nutaret
1276 953 1311 984 in
1329 952 1485 984 ordinem
1512 957 1651 996 cogeret

213 1036 294 1057 cura
311 1023 370 1056 sua
387 1022 555 1067 pastorali,
575 1022 783 1066 saepiuscule
802 1022 972 1061 inviseret,
999 1022 1143 1056 offendit
1165 1023 1332 1057 Thomam
1353 1025 1426 1067 jam
1445 1023 1545 1056 alteri
1563 1035 1652 1067 pene

211 1097 394 1129 addifitum.
445 1096 585 1133 Tamen,
605 1097 685 1138 quia
702 1106 755 1127 res
774 1099 847 1128 erat
872 1094 1076 1137 hujusmodi,
1104 1099 1143 1127 ut
1162 1096 1196 1127 in
1216 1094 1385 1128 diversum
1409 1096 1496 1128 eitra
1513 1107 1651 1129 omnem

211 1169 372 1211 injuriam
400 1167 488 1200 flesti
512 1164 629 1210 poffet,
655 1168 788 1199 curavit
807 1167 858 1198 vir
876 1167 1037 1209 optimus,
1057 1170 1096 1198 ut
1114 1167 1216 1199 rebus
1239 1166 1307 1199 suis
1333 1168 1367 1199 in
1394 1168 1512 1210 primis
1534 1167 1653 1200 consu-

213 1240 309 1273 leret.
360 1239 519 1272 Tentatis
549 1239 718 1274 omnibus.
749 1238 1045 1271 adolescentulum
1070 1238 1237 1271 Thomam
1263 1239 1305 1272 ad
1332 1238 1365 1271 se
1390 1240 1507 1272 venire
1527 1240 1652 1283 jubet;

212 1323 315 1355 quem
350 1323 428 1344 curn
460 1309 593 1344 vidisset
624 1311 757 1343 liberali
788 1311 875 1343 faeie
903 1315 939 1342 et
971 1311 1118 1353 quadam
1146 1310 1243 1343 senili
1270 1312 1456 1354 prudentia
1482 1316 1652 1349 ornatum,

212 1382 327 1417 statim
362 1384 544 1419 adamavit,
572 1384 714 1427 egitque
744 1393 823 1415 euni
851 1383 1052 1425 parentibus
1085 1387 1120 1415 et
1147 1383 1239 1415 illius
1266 1383 1331 1416 loci
1358 1384 1493 1422 abbate,
1526 1389 1565 1417 ut
1594 1383 1653 1417 suo

213 1454 419 1489 monasterio
436 1455 585 1488 Thomas
612 1454 870 1487 adscriberetur.
924 1454 995 1487 Ubi
1023 1454 1123 1487 facile
1149 1453 1359 1498 impetrasset
1378 1456 1468 1498 quod
1495 1457 1652 1499 petierat,

215 1529 329 1571 coepit
355 1532 390 1560 et
413 1526 709 1560 adolescentulum
735 1527 960 1569 percunffitari,
989 1537 1072 1558 num
1097 1526 1274 1569 placerent
1301 1528 1417 1560 omnia
1442 1539 1530 1570 quae
1557 1529 1599 1561 de
1620 1527 1654 1561 se

215 1597 418 1633 audivisset?
458 1598 515 1631 Ad
534 1599 618 1631 haee
636 1597 812 1630 subridens
830 1597 988 1636 Thomas,
1015 1599 1122 1630 nimio
1148 1599 1189 1631 de
1210 1599 1348 1631 tantula
1371 1598 1459 1632 sorte
1486 1605 1654 1643 concepto

214 1672 349 1716 gaudi0‚
366 1672 478 1713 inquit
491 1682 498 1709 ;
521 1670 605 1703 illud
625 1674 794 1713 perpetuo
808 1668 841 1702 se
856 1670 1076 1702 circumferre
1091 1671 1125 1702 in
1140 1671 1264 1709 animo,
1280 1675 1319 1703 ut
1334 1670 1504 1714 Deiparae
1516 1671 1655 1715 Virgini

217 1744 401 1787 aliquando
429 1744 588 1775 initiatus
614 1740 811 1779 observiat3
847 1752 911 1774 nee
936 1745 1055 1784 optare
1082 1741 1271 1775 feliciorem
1299 1740 1537 1787 transigendae
1565 1745 1657 1776 vitae

217 1817 341 1853 locum,
377 1826 479 1858 quam
507 1816 543 1846 in
573 1825 613 1846 eo
644 1812 851 1846 monasterio
883 1814 1008 1851 vivere,
1040 1824 1101 1856 per
1130 1814 1221 1856 quod
1252 1814 1337 1846 illud
1367 1814 1495 1847 sartum
1526 1816 1656 1848 teaum

218 1886 425 1925 consisteret,
444 1888 479 1919 in
498 1897 564 1929 quo
582 1886 729 1929 primam
747 1889 783 1917 et
802 1885 979 1918 literarum
998 1890 1034 1918 et
1051 1886 1220 1918 bonorum
1242 1897 1377 1918 morum
1403 1885 1656 1920 institutionem

219 1957 412 2002 excepisset.
464 1958 588 1997 Quem,
616 1968 694 1990 cum
719 1958 769 1990 ita
791 1956 951 1989 affeetum
971 1955 1103 1989 vidisset
1127 1958 1241 1995 abbas,
1269 1958 1457 1991 admiratus
1479 1957 1529 1991 est
1552 1959 1657 2002 pluri-

220 2042 314 2064 mum
330 2042 338 2067 ;
364 2042 403 2063 ac
421 2028 600 2062 studiofius
627 2030 760 2062 curavit
780 2029 837 2069 (ne
856 2030 911 2061 via
929 2030 1018 2062 forte
1036 2030 1193 2072 quadam,
1222 2030 1276 2062 vel
1294 2028 1367 2062 astu
1385 2031 1565 2063 hominum
1583 2030 1659 2064 sub-

221 2104 378 2136 dolorum
395 2102 543 2135 Thomas
561 2100 622 2134 fibi
642 2102 845 2144 eriperetur)
865 2106 904 2133 ut
923 2101 1003 2133 data
1027 2106 1237 2144 acceptaque
1255 2102 1321 2134 fide
1340 2101 1419 2134 suus
1442 2102 1550 2135 fieret.
1602 2102 1658 2135 Ita

222 2173 418 2219 compositis
445 2174 603 2206 omnibus
629 2172 883 2206 adolescentem
902 2172 1016 2205 versus
1042 2172 1288 2206 monasterium
1307 2185 1326 2206 a
1344 2173 1479 2217 Kynlos
1501 2175 1656 2207 dimittit.

224 2248 312 2281 Illuc
330 2248 388 2280 ubi
408 2243 630 2283 adventasset,
650 2250 685 2277 et
702 2242 852 2277 subiisset
871 2244 992 2287 templi
1013 2246 1064 2285 (ut
1084 2246 1194 2287 aiunt)
1214 2257 1347 2283 navem,
1371 2245 1463 2278 illico
1482 2247 1517 2278 in
1535 2246 1657 2279 faciem

226 2320 388 2357 crucifixi,
416 2331 459 2351 ex
485 2329 579 2350 more
608 2322 746 2359 recepto
773 2317 862 2359 apud
891 2316 1087 2354 catholicos,
1115 2317 1316 2350 adoraturus
1347 2318 1551 2360 procumbit.
1603 2318 1658 2350 Ae
