1861 2786
577 253 895 287 MONASTERII
922 253 956 286 A
983 253 1201 287 KYNLOS.
1568 259 1609 288 45

520 414 736 447 LUCUBRATI
743 424 916 448 UNCULAE
935 424 979 447 ET
997 425 1255 448 COMMENTARII

470 506 473 508 ’
530 495 668 519 NOSTRO
704 496 829 519 MARTE
860 496 962 519 EDITI
999 496 1038 518 IN
1074 486 1240 520 KYNLOS.

215 574 330 608 Primo
361 575 532 608 edidimus
557 575 688 608 Contra
715 580 891 619 receptam
922 576 1119 620 opinionem
1149 576 1192 609 de
1218 577 1367 616 nomine,
1394 578 1607 621 pronomine,

164 648 369 692 cognomine
387 652 423 680 et
441 648 625 692 agnomine
643 647 800 681 libellum
819 659 937 680 unum.
982 648 1084 687 Item,
1100 648 1155 681 De
1170 659 1250 682 vera
1267 653 1424 682 cometae
1443 648 1609 694 fignifica-

165 721 260 753 tione
286 721 327 753 ad
351 720 522 753 Jacobuin
549 721 710 763 quintum
735 720 919 753 Scotorum
946 720 1090 764 Regem,
1115 721 1172 754 lib.
1196 724 1224 753 1.
1277 720 1379 760 Item,
1408 722 1462 755 De
1488 733 1608 755 nume-

166 803 280 825 rorum
298 794 406 836 praxi,
425 792 482 825 lib.
506 795 534 824 1.
579 792 681 831 Item,
702 792 756 825 De
774 792 893 825 officiis
913 793 1004 825 vitae
1023 791 1250 832 Christianae,
1275 793 1332 826 lib.
1356 797 1384 826 1.
1428 793 1530 833 Item,
1551 795 1606 827 De

166 866 356 898 animarum
378 864 653 903 immortalitate,
685 865 742 897 lib.
766 868 795 897 1.
836 864 938 903 Item,
968 864 1268 909 Epigrammatum
1321 873 1374 900 Hic
1393 873 1461 900 liber
1475 880 1515 902 est
1537 875 1607 911 typis

165 938 346 975 variorum,
362 937 419 970 lib.
440 940 467 969 1.
505 936 607 975 Item,
627 936 899 970 Introdufitionis
917 937 960 969 ad
979 937 1137 981 logicem,
1157 936 1216 970 lib.
1238 940 1267 969 1.
1319 924 1472 960 Impressus
1513 925 1606 952 Idibus

166 1009 267 1048 Item,
284 1009 326 1042 In
340 1009 586 1042 enodationem
606 1007 763 1041 versiculi
781 1008 973 1047 Juvenalis,
992 1009 1052 1042 ubi
1067 1008 1271 1042 Ciceronem
1319 975 1607 1055 {ggqililugpussamle-

163 1086 303 1126 poetam
325 1082 456 1114 bonum
479 1079 575 1114 fuiffe
594 1081 822 1119 defendimus,
850 1081 909 1114 lib.
938 1084 966 1113 1.
1019 1080 1120 1120 Item,
1140 1081 1271 1114 Choro-
1323 1079 1404 1103 1539-

164 1155 326 1199 graphiae
344 1154 583 1192 Taurinorum,
603 1153 662 1186 lib.
684 1156 713 1187 1.
753 1152 855 1192 Item,
871 1153 994 1187 Vitam
1012 1152 1152 1186 senioris
1171 1153 1305 1186 abbatis
1324 1154 1358 1186 in
1373 1152 1520 1197 Kynlos,
1539 1154 1603 1186 hot·

163 1225 213 1260 est
239 1227 369 1260 domini
387 1226 539 1259 Thomae
558 1225 752 1270 Chrystalli,
781 1225 838 1259 lib.
862 1229 890 1258 1.
941 1225 1044 1265 Item,
1072 1225 1199 1270 Sylvae
1226 1224 1283 1259 seu
1315 1225 1603 1259 Observationum

163 1311 223 1343 pro
250 1300 403 1333 texenda
427 1298 568 1332 historia
591 1310 610 1332 a
634 1298 780 1342 Kynlos‚
808 1298 866 1331 lib.
901 1301 930 1330 l.
997 1297 1100 1337 Item,
1128 1297 1302 1331 Auditum
1334 1297 1405 1331 visu
1435 1297 1606 1342 praestare

163 1376 284 1405 contra
302 1369 500 1404 Aristotelis
532 1371 710 1414 placitum,
742 1370 800 1403 lib.
836 1373 863 1402 1.
929 1370 1032 1409 Item,
1073 1370 1127 1403 De
1156 1370 1363 1414 syllabarum
1397 1372 1604 1414 quantitate,

162 1444 219 1477 lib.
243 1447 270 1476 1.
323 1443 425 1481 Item,
444 1443 783 1476 Commentariorum
802 1443 837 1475 in
861 1453 966 1486 parva
983 1442 1143 1487 logicalia
1156 1442 1277 1475 Jacobi
1298 1442 1400 1476 Fabri
1420 1442 1606 1487 Stapulen-

162 1514 213 1554 fis,
233 1516 291 1548 lib.
314 1519 342 1548 1.
395 1515 497 1553 Item,
524 1515 785 1548 Annotationes
803 1515 937 1558 aliquot
957 1516 992 1547 in
1019 1526 1124 1553 aeras,
1152 1515 1210 1547 lib.
1234 1519 1262 1547 1.
1316 1520 1368 1547 Hic
1391 1520 1458 1547 liber
1472 1526 1513 1547 est
1534 1521 1603 1557 typis

1318 1582 1408 1599 aene1s
1475 1582 1604 1599 excussu>-

162 1588 264 1627 Item,
284 1587 386 1627 Quod
404 1588 526 1620 Cicero
552 1599 621 1620 non
641 1588 766 1620 viderit
785 1587 975 1631 Virgilium
1002 1587 1059 1619 lib.
1082 1590 1111 1619 1.
1164 1587 1266 1626 Item,
1323 1626 1395 1650 1559
1438 1623 1477 1650 cal
1528 1623 1602 1650 Junii

161 1661 369 1705 Orationum
396 1658 715 1693 encomiasticarum
742 1660 785 1692 de
808 1658 941 1698 sanetis,
979 1659 1038 1692 lib.
1073 1662 1101 1691 1.
1166 1659 1268 1697 Item,
1319 1674 1422 1701 calculo
1483 1674 1604 1701 Romano

162 1732 393 1778 Epistolarum
411 1733 631 1766 familiarium
651 1733 693 1765 ad
712 1733 832 1771 varios,
852 1732 909 1764 lib.
929 1734 960 1764 8.
1013 1731 1115 1770 Item,
1135 1731 1267 1764 Biblio-
1318 1725 1389 1762 apud
1406 1725 1601 1753 vascosanum.

161 1808 283 1840 thecae
301 1806 503 1839 seleaorum
531 1805 696 1838 librorum
724 1815 827 1848 quam
846 1804 1021 1837 Robertus
1047 1804 1137 1837 Reid
1162 1804 1267 1837 abbas
1285 1815 1305 1836 a
1330 1803 1467 1847 Kynlos
1494 1815 1604 1848 nuper

159 1877 317 1917 instituit,
344 1879 402 1911 lib.
436 1881 465 1910 1.
518 1877 620 1916 Item,
651 1877 773 1909 Totius
803 1877 893 1909 orbis
919 1876 1179 1920 quadruplicem
1206 1876 1458 1920 figurationem,
1486 1876 1542 1909 lib.
1573 1879 1601 1908 4.

159 1952 262 1991 Item,
290 1950 540 1994 Descriptionis
558 1954 671 1983 terrae
688 1946 925 1993 promissionis,
946 1948 1002 1981 lib.
1026 1952 1053 1981 1.

577 2064 768 2097 IxcnoATA
788 2073 946 2096 NONDUM
966 2073 1168 2096 ABSOLUTA:

208 2168 310 2206 Item,
330 2168 461 2200 Contra
479 2178 583 2210 parva
600 2165 768 2210 logicalia‚
796 2165 854 2198 lib.
880 2169 908 2197 1.
960 2165 1063 2204 Item,
1091 2165 1310 2198 Scholiorum
1337 2167 1371 2198 in
1399 2165 1599 2198 dialecticen

158 2240 390 2285 Trapezunffii,
418 2239 476 2272 lib.
505 2241 535 2272 8.
587 2238 689 2277 Item,
719 2238 912 2271 Primarum
937 2243 973 2270 et
997 2239 1190 2271 mediarum
1214 2237 1421 2282 syllabarum
1446 2237 1600 2275 tabellas,

158 2314 216 2347 lib.
246 2316 276 2346 9.
329 2312 430 2351 Item,
459 2311 653 2345 Felicitatis
678 2308 877 2344 Aristotelis
908 2315 943 2343 et
973 2311 1224 2354 paradoxoruni
1256 2311 1299 2344 ad
1331 2322 1446 2343 veram
1473 2309 1598 2343 Christi
