1861 2786
228 278 271 310 68
685 272 925 307 HISTORIA
952 271 1200 306 ABBATUM

227 376 346 405 contra
368 370 553 408 nitebatur,
580 373 617 402 et
635 367 787 401 vetustos
805 369 841 401 in
869 379 909 401 ea
934 372 1032 412 parte
1049 379 1209 413 agrorum
1226 367 1355 401 limites
1380 368 1575 401 clanculum
1599 369 1659 402 ali-

226 443 362 487 quando
374 443 416 475 ab
430 433 556 484 iniquis
567 440 763 473 hominibus
774 439 952 472 submotos
964 439 1170 473 inculcabat.
1201 439 1281 478 Res,
1295 443 1472 482 utcunque
1486 438 1659 473 vetustate

226 516 395 558 ambigua,
414 514 451 546 in
474 512 622 545 multam
640 513 903 545 contentionem
919 512 1098 555 p1·0rupit;
1124 511 1180 544 sed
1199 512 1325 544 veritas
1351 510 1422 554 ipsa
1448 511 1659 555 aliquamdiu

225 587 374 620 elu&ata
391 589 495 628 caput
512 582 629 628 postea
654 585 800 617 exeruit.
853 584 947 616 Nam
965 585 1001 616 in
1019 581 1168 616 consessu
1195 584 1413 616 dominorum
1432 584 1660 627 parliamenti,

225 657 300 702 post
316 667 444 690 nonam
463 656 580 700 (quam
598 657 737 699 vocant)
756 653 946 694 seffionem‚
965 656 1144 689 decretum
1163 654 1222 694 est,
1242 659 1282 688 ut
1301 666 1416 689 comes
1435 655 1660 700 Argatheliae

226 729 496 763 Archimbaldus
530 727 763 772 Campbellus‚
798 739 878 760 cum
904 727 978 761 aliis
1004 727 1178 760 nobilibus
1205 728 1295 765 viris,
1323 727 1432 760 veluti
1462 728 1590 761 arbiter
1620 728 1661 760 de

227 803 352 836 finibus
370 811 529 846 agrorum
547 801 639 833 inter
655 800 817 833 abbatem
835 804 871 832 et
888 799 911 832 J
914 810 1062 832 oannem
1089 799 1248 837 onmem,
1274 798 1424 842 speaato
1451 798 1663 843 lustratoque

229 875 313 914 loco,
346 874 445 906 litem
470 872 567 906 illam
593 872 779 904 dirimeret.
841 871 920 910 Qui,
951 872 1010 904 ubi
1037 872 1103 904 rite
1135 869 1344 915 cognovisset
1370 872 1413 904 de
1437 870 1588 916 singulis,
1624 876 1663 904 ut

227 946 365 990 publico
387 943 615 978 instrumento
641 944 852 976 circuitionis
871 941 928 985 (fic
947 943 996 975 illi
1015 943 1218 986 loquuntur)
1237 944 1328 986 apud
1346 943 1482 987 Kynlos
1500 941 1663 976 asservato

229 1017 360 1052 constat
378 1014 594 1061 apertiffime‚
613 1015 800 1049 seeundum
818 1016 980 1049 abbatem
998 1026 1071 1048 rem
1089 1016 1247 1048 confecit.

277 1091 362 1124 Erat
388 1090 493 1122 etiam
515 1093 591 1121 tum
609 1089 774 1131 temporis
792 1087 1072 1120 Aberdoniarum
1091 1088 1282 1120 vicecomes
1306 1087 1360 1127 (ut
1378 1088 1490 1130 aiunt)
1509 1087 1665 1120 Alexan-

229 1165 289 1196 der
307 1162 512 1198 Banarman,
531 1160 589 1202 qui
608 1159 725 1192 abbati
743 1159 785 1192 de
804 1170 884 1202 agro
902 1157 1065 1191 ecc-lessae
1083 1159 1126 1191 ab
1140 1158 1266 1191 Ellone
1280 1160 1458 1202 negotium
1478 1156 1663 1192 facesseret.

229 1235 318 1268 Cum
344 1232 403 1266 illo
426 1237 497 1265 tres
521 1242 628 1264 annos
645 1235 738 1263 totos
764 1230 939 1273 litigatum
958 1227 1028 1268 est·,
1054 1228 1225 1272 postremo
1250 1234 1367 1263 tamen
1390 1231 1506 1263 abbati
1527 1231 1666 1263 vienoria

230 1305 335 1340 ceffit.

278 1379 347 1412 Sed
365 1378 450 1410 illud
467 1377 604 1419 majoris
619 1376 686 1408 fuit
700 1375 877 1412 momenti,
893 1374 984 1417 quod
999 1372 1178 1406 adversum
1192 1372 1433 1406 Alexandrum
1449 1373 1664 1406 Gordonium

229 1451 392 1484 comitem
418 1448 626 1483 Huntleum.
653 1451 728 1480 toto
754 1446 943 1490 septennio,
970 1457 1038 1478 non
1065 1446 1197 1478 minore
1223 1445 1407 1488 prudentia
1432 1456 1534 1488 quam
1560 1447 1663 1478 animi

230 1520 429 1559 constantia,
463 1521 506 1553 ab
540 1520 661 1552 eodem
696 1519 820 1551 abbate
854 1528 915 1560 pro
949 1516 1008 1549 suo
1039 1514 1244 1549 monasterio
1274 1517 1405 1549 tuendo
1439 1515 1574 1560 gestum
1605 1517 1663 1550 est.

231 1594 403 1638 Cupiebat
420 1591 631 1629 Alexander,
651 1602 694 1623 ex
713 1589 882 1632 Strathily
901 1589 1041 1622 baronia
1060 1599 1163 1631 quain
1181 1588 1311 1620 habent
1329 1588 1488 1621 monachi
1507 1593 1542 1620 et
1560 1589 1665 1621 abbas

231 1678 251 1699 a
269 1664 414 1709 Kynlos,
432 1673 552 1707 agrum
570 1661 731 1694 Ballacht
748 1660 828 1693 suae
845 1657 1035 1704 pofl'effioni
1053 1660 1236 1698 accedere3
1263 1664 1299 1692 et
1317 1670 1395 1691 cum
1419 1659 1554 1692 nullum
1572 1661 1607 1692 in
1626 1672 1665 1693 ea

231 1749 268 1770 re
288 1737 346 1780 jus
373 1735 525 1773 haberet,
553 1734 668 1766 abbati
687 1738 804 1765 tamen
822 1733 857 1764 in
875 1733 1007 1765 rectum
1025 1733 1266 1776 propugnanti,
1293 1743 1362 1764 non
1388 1731 1492 1765 semel
1518 1737 1665 1765 mortem

233 1808 518 1842 comminabatur.
570 1805 705 1838 Verum
723 1815 786 1836 nec
805 1804 992 1836 terroribus
1011 1803 1079 1836 illis
1097 1804 1221 1836 adduci
1238 1804 1352 1847 potuit
1371 1804 1475 1837 abbas
1489 1808 1529 1836 ut
1547 1805 1666 1837 comiti

233 1882 391 1919 cederet;
408 1889 534 1922 nempe
548 1878 590 1910 ad
608 1877 823 1909 mentionem
837 1876 958 1908 mortis
975 1876 1167 1919 intrepidus
1185 1875 1318 1919 semper
1332 1877 1368 1908 in
1386 1877 1558 1909 anteriora
1574 1875 1666 1920 saga-

234 1951 361 1986 ciffime
378 1948 662 1994 proficiscebatur.
712 1948 876 1985 Tandem,
903 1945 978 1990 post
1004 1947 1156 1980 infinitos
1175 1952 1211 1980 et
1228 1949 1334 1980 animi
1353 1952 1388 1980 et
1406 1948 1555 1991 corporis
1574 1948 1667 1981 labo-

234 2036 297 2063 res,
316 2020 630 2064 acerbiffimamque
656 2020 926 2057 contentionem,
954 2023 1073 2062 optato
1091 2019 1160 2052 fine
1176 2020 1309 2062 potitus
1328 2017 1377 2052 est
1394 2020 1507 2053 abbas.
1559 2020 1613 2052 Ac
1632 2022 1665 2052 in

235 2093 373 2138 hujusce
390 2095 439 2126 rei
457 2092 667 2129 memoriam,
695 2091 896 2123 Alexander
922 2101 1036 2123 comes
1061 2089 1139 2123 suae
1165 2088 1320 2123 ceffionis
1343 2091 1520 2134 publicum
1546 2090 1667 2124 instru—

237 2172 394 2201 mentum
421 2165 612 2208 imperavit,
640 2164 695 2196 cui
721 2167 756 2195 et
781 2161 930 2206 figillum
960 2160 1067 2200 suum,
1099 2167 1138 2195 ut
1164 2163 1199 2195 in
1226 2162 1361 2206 Kynlos
1379 2163 1495 2196 videre
1513 2161 1572 2201 est,
1591 2175 1667 2206 pro-

237 2240 375 2284 pendet.

286 2311 380 2344 Huic
409 2304 665 2352 impeditiffimo
683 2306 825 2349 negocio
850 2302 987 2338 acceffit
1005 2304 1197 2338 Alexandri
1216 2306 1259 2339 ab
1278 2305 1405 2339 Huntli
1425 2307 1560 2339 comitis
1577 2306 1668 2341 soror
