1861 2786
583 279 899 314 MONASTERII
927 280 961 312 A
988 277 1206 312 KYNLOS.
1573 277 1614 307 (35

175 379 376 411 Alexandro
395 378 549 421 pontifici
567 375 700 408 summo
718 376 792 417 ejus
810 376 959 407 nominis
977 374 1096 411 scxto;
1123 371 1301 417 obsignata
1318 372 1397 405 sunt
1415 360 1613 414 diplomata,

175 456 209 483 et
226 452 260 483 in
275 451 429 483 Scotiam
443 447 604 493 ocyflime
621 446 819 481 transmilsa.
858 446 1002 484 Verum,
1021 447 1112 489 quod
1127 458 1196 478 non
1215 450 1365 489 putares,
1386 445 1412 477 is
1430 444 1488 487 qui
1503 443 1615 475 fuerat

175 523 299 555 author
316 522 544 555 curandorum
559 521 800 564 diplomatum,
821 517 988 563 Magister
1003 519 1166 551 videlicet
1180 518 1334 550 ,Ioannes
1350 515 1517 560 Lyndsay,
1537 525 1616 548 con-

176 596 304 627 fectum
330 595 511 638 negocium
538 593 738 636 aliquandiu
763 596 956 624 remoratus
974 589 1035 623 est.
1088 590 1129 622 In
1148 589 1249 623 causa
1274 594 1393 622 autem
1420 589 1486 621 fuit
1513 587 1618 621 abbas

177 665 384 704 Gulielmus‚
403 666 472 708 qui,
490 663 570 697 suae
588 665 814 707 promotionis
829 663 883 705 (ut
897 664 1009 706 aiunt)
1025 662 1216 706 diplomata
1227 662 1270 694 ab
1284 661 1406 694 eodem
1422 662 1618 704 importata,

177 737 333 782 neglexit
358 738 547 775 redimerc;
574 734 794 769 existimabat
821 737 913 768 enim
935 736 1007 778 jam
1035 735 1146 767 eleeto
1169 734 1279 767 altero
1297 733 1422 766 abbate
1441 733 1526 765 nihil
1553 729 1619 764 esse

177 820 262 852 opus
291 810 359 842 illis
390 808 457 842 suis
487 809 741 852 diplomatibus.
806 808 940 841 Verum
976 812 1155 845 mercator,
1186 807 1244 849 qui
1278 805 1425 838 multam
1457 818 1591 845 Mercator

177 881 402 925 insumpserat
420 883 454 914 iu
482 893 522 914 ea
539 892 575 914 re
593 882 785 924 pecuniam,
805 878 975 912 diversum
1002 878 1147 916 sentire3
1174 883 1278 920 atquc
1305 878 1426 910 eadem
1458 882 1621 917 Flammigus

177 965 280 996 opera
306 965 434 992 curare,
453 958 493 986 ut
511 951 713 997 posteriores
738 952 870 985 labores
896 953 1045 996 priorem
1071 962 1189 984 curam
1208 955 1243 983 et
1262 951 1427 983 damnum
1459 945 1552 971 Forus.

179 1025 350 1058 sarcirent.
402 1025 443 1058 Id
461 1026 520 1058 ubi
547 1025 724 1058 intellexit
750 1025 910 1057 dominus
936 1024 1095 1061 Thomas,
1123 1022 1343 1055 Aberdonias
1364 1019 1414 1054 est
1440 1020 1621 1064 profeaus,

179 1103 214 1131 et
245 1109 324 1131 cum
354 1096 496 1131 honesto
522 1099 594 1130 viro
624 1097 826 1130 Alexandro
857 1096 952 1140 Gray
981 1096 1073 1129 bona
1101 1096 1169 1128 fide
1199 1095 1242 1127 de
1270 1094 1414 1138 negocio
1445 1092 1621 1136 transegit.

179 1171 346 1214 Acceptis
364 1169 431 1203 suis
449 1175 484 1203 et
503 1168 765 1214 praedecessoris
784 1169 1041 1213 diplomatibus,
1068 1168 1111 1201 ad
1128 1166 1375 1200 monasterium
1402 1166 1516 1199 rediit.
1568 1163 1622 1196 Ac

179 1253 223 1275 ex
250 1253 343 1275 more
370 1248 538 1286 exceptus
556 1254 576 1275 a
593 1246 770 1275 conventu
797 1241 856 1283 (fic
882 1241 933 1274 illi
955 1241 1158 1284 loquuntur)
1178 1241 1213 1272 in
1231 1239 1425 1283 capitulum
1451 1237 1546 1270 suam
1565 1248 1624 1269 ex-

181 1315 369 1357 plicaturus
388 1315 636 1348 authoritatem
655 1319 690 1347 et
708 1319 847 1358 patrum
865 1313 1100 1346 obedientiam
1120 1312 1173 1354 (ut
1191 1313 1244 1354 fit)
1264 1310 1482 1354 suscepturus
1500 1311 1595 1343 abiit.

230 1387 296 1420 His
314 1388 379 1420 rite
397 1388 542 1431 peraffis
560 1392 595 1420 et
613 1388 787 1424 canonice,
806 1387 921 1429 coepit
938 1385 1088 1418 Thomas
1114 1385 1219 1418 abbas
1246 1385 1288 1416 de
1315 1384 1494 1416 literarum
1513 1380 1624 1415 studio

181 1457 368 1493 intermisso
394 1458 508 1492 secum
536 1464 708 1503 reputare.
760 1458 937 1492 Suadebat
956 1458 1085 1502 ingenii
1107 1457 1245 1490 bonitas
1269 1461 1305 1488 et
1332 1467 1414 1489 cura
1437 1453 1624 1498 pastoralis,

182 1537 221 1564 ut
239 1532 282 1565 ad
300 1533 491 1575 emporium
518 1532 687 1565 bonarum
706 1532 833 1564 artium
860 1533 1070 1574 properaret,
1097 1529 1191 1561 unde
1209 1528 1288 1561 suae
1307 1528 1442 1561 animae
1461 1527 1625 1570 pabulum

183 1609 218 1637 et
249 1603 316 1637 suis
345 1605 521 1637 monachis
551 1604 703 1637 ubertim
737 1603 919 1648 suggerere
949 1602 1075 1635 deinde
1101 1601 1242 1634 valeret.
1295 1600 1335 1633 Id
1364 1600 1455 1643 quod
1487 1597 1626 1636 fecisset,

183 1675 245 1709 nisi
280 1688 361 1709 cura
394 1677 443 1709 rei
478 1676 665 1714 familiaris,
701 1687 770 1708 non
801 1680 939 1708 tantum
970 1673 1038 1712 sua,
1070 1685 1189 1706 verum
1224 1674 1330 1706 etiam
1366 1669 1627 1716 praedecessoris

183 1749 328 1787 abbatis,
351 1749 394 1781 ad
420 1749 480 1781 has
507 1752 730 1781 externorum
759 1748 977 1791 negotiorum
1004 1746 1112 1790 syrtes
1139 1757 1209 1778 non
1235 1744 1345 1778 solum
1375 1742 1544 1778 evocasset
1570 1743 1627 1776 sed

184 1819 369 1865 impulisset
397 1832 543 1864 quoque.
606 1820 718 1853 Tanto
748 1821 841 1853 enim
871 1831 950 1852 aere
980 1819 1092 1851 alieno
1123 1818 1346 1862 premebatur
1372 1828 1434 1860 per
1458 1817 1627 1849 incuriam

184 1892 358 1937 pastorum
384 1894 439 1927 hic
466 1893 561 1926 locus
587 1898 627 1926 ut
652 1904 741 1936 pene
767 1892 863 1925 nulla
888 1891 963 1935 spes
988 1889 1172 1935 superesset
1198 1891 1336 1923 futurae
1362 1887 1626 1922 instaurationis.

187 1965 354 1998 Potentes
372 1977 411 1999 ae
429 1965 562 1998 nobiles
580 1970 698 1999 autem
717 1966 775 2008 qui
794 1964 952 1997 habitant
971 1965 1132 1997 viciniam
1150 1961 1357 2001 monasterii,
1377 1962 1419 1995 ad
1436 1960 1470 1994 sc
1488 1960 1628 2004 quisque

186 2050 239 2071 res
257 2038 357 2071 sacris
375 2035 490 2070 usibus
508 2036 696 2071 destinatas
722 2048 861 2080 rapere:
889 2035 1116 2080 piscationum
1142 2046 1248 2079 aquas
1273 2035 1472 2079 profanare:
1500 2046 1538 2067 ac
1557 2033 1630 2077 pos-

187 2108 386 2143 seffionibus
415 2110 592 2143 monachis
623 2108 796 2154 assignatis
824 2113 863 2141 ut
889 2107 956 2141 suis
982 2110 1044 2141 uti.
1095 2108 1243 2141 Tantam
1273 2107 1519 2151 indignitatem
1550 2117 1628 2139 cum

187 2183 320 2215 videret
346 2182 495 2215 Thomas
521 2182 636 2220 abbas,
663 2186 700 2214 et
725 2192 782 2214 aes
808 2191 974 2224 magnum
994 2181 1030 2212 in
1047 2180 1258 2213 redimendis
1285 2179 1532 2222 diplomatibus
1550 2189 1631 2211 con-

188 2255 309 2287 flatum
327 2265 396 2287 non
414 2255 597 2298 ignoraret,
624 2254 737 2297 coepit
763 2254 878 2286 auimo
896 2252 1035 2285 volvere
1061 2263 1129 2295 quo
1156 2252 1254 2295 pacto
1280 2250 1404 2284 melius
1423 2248 1483 2283 fibi
1502 2249 1631 2293 suoque.

187 2326 393 2360 monasterio
419 2325 597 2360 consulere
622 2324 741 2370 posset.
792 2325 840 2358 Et
866 2326 1022 2368 quamvis
1048 2324 1227 2357 literarum
1254 2324 1354 2357 ardor
1378 2323 1566 2366 plurimum
1589 2323 1630 2355 ad
