1861 2786
232 286 274 319 66
685 283 925 317 HISTORIA
953 282 1202 316 ABBATUM

230 379 263 412 se
281 380 457 412 hominem
474 384 620 422 raperet,
639 378 753 411 noluit
771 384 891 412 tamen
908 390 969 422 per
987 377 1205 412 oscitantiam
1229 378 1448 410 committere
1466 383 1515 417 ut,
1534 380 1668 421 privato

231 450 351 489 studio,
374 450 623 494 rempublicam
650 462 753 493 quam
778 449 970 494 susceperat
989 449 1292 483 administrandam
1310 451 1467 483 funditus
1486 456 1667 484 everteret.

232 523 287 556 Ita
300 522 414 555 secum
432 523 721 555 ratiocinabatur:
740 534 820 555 eum
839 524 897 566 qui
916 523 1000 555 velit
1018 524 1053 555 in
1071 523 1180 555 literis
1199 523 1371 567 egregiam
1386 534 1511 555 navare
1530 535 1668 567 operam

232 596 344 627 ocium
378 605 439 638 per
470 595 586 627 omnia
615 595 796 638 complesti
827 600 1013 638 oportere3
1048 594 1081 627 se
1112 606 1175 627 nec
1205 593 1296 638 posse
1329 595 1363 627 id
1393 594 1573 638 praestare,
1604 607 1668 629 nec

230 664 412 699 honestum
442 666 599 699 futurum
625 663 649 697 fi
671 665 770 698 suum
794 677 920 699 munus
945 668 1080 710 privato
1106 666 1343 699 emolumento
1362 667 1546 700 fraudaret.
1598 667 1670 701 Ve-

230 738 349 770 niebat
367 738 473 771 etiam
491 739 525 770 in
544 742 699 771 mentem
718 738 779 777 illi,
798 735 993 781 compositis
1019 742 1198 781 utcunque
1219 738 1331 776 rebus,
1350 738 1385 770 id
1403 739 1494 781 quod
1522 738 1582 772 sibi
1600 751 1669 772 non

231 809 376 843 licuisset
393 821 455 854 per
472 810 604 853 aliquot
618 810 804 843 monachos
818 809 852 843 se
866 811 991 843 deinde
1005 808 1285 843 instauraturum.
1321 810 1423 849 Quod
1438 812 1543 844 etiam
1556 811 1669 845 effecit

230 886 270 914 ut
287 881 405 925 postea
422 883 623 915 indicamus.
675 882 800 925 Itaque
826 883 929 915 remis
947 887 982 915 et
1001 882 1086 915 velis
1106 882 1210 924 (quod
1229 882 1341 925 aiunt)
1360 882 1461 925 hujus
1479 882 1545 916 loci
1564 884 1671 916 admi-

231 952 478 992 nistrationem,
505 954 632 987 relictis
659 955 798 987 interim
823 952 1056 997 philosophiae
1082 951 1210 992 studiis,
1236 951 1406 997 aggressus
1432 951 1501 993 est3
1532 966 1571 987 ac
1597 966 1669 987 rem

230 1026 323 1059 illico
340 1027 579 1070 perturbatam
598 1030 744 1064 tentare,
772 1030 807 1058 et
826 1025 1033 1059 exulceratis
1059 1026 1161 1058 rebus
1187 1026 1329 1058 modum
1351 1026 1503 1069 aliquem
1520 1025 1670 1059 statuere

231 1099 428 1131 conabatur.
482 1098 559 1131 Nec
581 1097 813 1141 despondebat
839 1099 1002 1135 animum,
1030 1099 1063 1129 in
1090 1109 1126 1130 re
1152 1109 1241 1141 pene
1267 1098 1485 1135 intractabili,
1512 1098 1669 1131 futurum

233 1169 433 1203 existimans
451 1171 493 1203 de
516 1170 658 1202 meliore
681 1169 814 1213 semper
831 1181 945 1202 rerum
964 1168 1112 1202 successu
1131 1169 1280 1212 aliquid:
1308 1170 1394 1202 nihil
1420 1171 1512 1202 enim
1532 1171 1668 1203 videbat

232 1244 266 1274 in
293 1243 357 1276 hac
383 1243 456 1275 vita
485 1242 566 1274 boni
595 1242 799 1275 mortalibus
829 1240 1023 1275 concessum
1053 1239 1123 1274 sine
1149 1241 1270 1274 sudore
1299 1240 1512 1285 graviffin10;
1547 1248 1583 1275 et
1609 1242 1670 1275 usu

233 1316 359 1353 venire,
388 1318 427 1347 ut
454 1314 489 1346 hi
512 1312 620 1346 solum
645 1313 712 1346 suis
741 1315 829 1346 votis
855 1314 1034 1357 potiantur
1059 1314 1117 1356 qui
1142 1325 1319 1356 nunquam
1345 1315 1499 1346 animum
1536 1315 1578 1347 ad
1596 1327 1671 1359 gra-

234 1384 363 1419 viffima
393 1397 529 1429 quoque
559 1386 719 1418 obeunda
748 1383 995 1429 paratiffimum
1026 1384 1240 1423 remiserint;
1276 1397 1338 1418 nec
1373 1385 1573 1429 sperandam
1605 1387 1670 1420 effe

234 1459 340 1491 ullam
367 1460 402 1490 in
422 1458 557 1490 senecta
574 1458 864 1500 tranquillitatem
882 1459 913 1490 ei
932 1458 989 1500 qui
1016 1468 1077 1500 per
1097 1458 1269 1501 ignaviam
1287 1457 1447 1491 honestos
1469 1460 1503 1491 in
1523 1460 1670 1502 juventa

234 1531 366 1564 labores
384 1529 551 1573 suscipere
577 1528 748 1562 recusarit.
801 1528 879 1561 Istis
897 1534 932 1561 et
950 1529 1025 1561 aliis
1052 1530 1194 1562 infinitis
1220 1528 1502 1572 1)ersuasionilms‚
1529 1531 1570 1564 ad
1597 1543 1668 1564 rem

234 1604 323 1636 bene
340 1603 526 1647 gerendam
544 1612 653 1634 novus
671 1601 775 1634 abbas
794 1601 1047 1644 impellebatur.

282 1675 386 1707 Anno
413 1675 518 1718 igitur
543 1674 714 1706 humanae
740 1672 858 1706 salutis
884 1672 1064 1706 millesimo
1091 1673 1427 1717 quadringentesimo
1452 1674 1669 1719 nonagesimo

236 1759 335 1785 nono,
355 1747 465 1779 idibus
483 1746 649 1783 Januarii,
671 1744 839 1778 summam
858 1746 1012 1777 omnium
1040 1746 1074 1777 in
1101 1745 1236 1788 Kynlos
1260 1745 1592 1781 administrationem
1611 1750 1669 1782 ubi

235 1817 415 1862 accepisset
440 1818 588 1851 Thomas
615 1818 729 1855 abbas,
750 1818 824 1861 jam
847 1822 923 1850 tum
948 1828 1026 1850 cum
1054 1816 1253 1850 adversariis
1280 1819 1321 1851 de
1348 1817 1542 1853 monasterii
1569 1822 1669 1854 rebus

235 1891 401 1924 summam
421 1891 681 1923 contentionem
700 1890 787 1922 iniit.

285 1963 458 2006 Oppidani
485 1963 577 1995 enim
604 1973 623 1994 a
650 1960 778 1999 Foress,
810 1960 1058 1994 consuetudine
1086 1962 1232 2005 quadam
1262 1962 1463 2006 usurpatitia
1494 1967 1608 2008 potius
1635 1972 1669 1999 et

238 2036 345 2068 veluti
377 2033 644 2077 praescriptione
671 2044 773 2076 quam
798 2034 877 2076 jure
907 2034 1032 2076 aliquo,
1059 2032 1250 2066 salmonum
1276 2033 1478 2078 piscationes
1509 2038 1545 2069 in
1574 2040 1669 2080 aquis

237 2106 395 2141 aestuarii
414 2106 586 2138 Finderne
603 2111 688 2138 tunc
706 2107 871 2149 temporis
885 2105 1104 2149 usurpabant.
1144 2106 1233 2138 Cum
1251 2107 1304 2139 his
1321 2108 1466 2150 primam
1480 2107 1573 2142 suam
1589 2111 1670 2143 veli-

237 2180 406 2213 tationem
424 2182 522 2210 tanta
540 2177 749 2210 dexteritate
767 2175 946 2216 commisit,
961 2182 1000 2210 ut
1015 2178 1239 2220 quadriennio
1258 2177 1340 2222 post,
1359 2191 1427 2212 non
1447 2186 1670 2214 contemnen-

239 2252 317 2285 dam
331 2250 506 2283 victoriam
534 2250 734 2292 reportarit:
763 2253 807 2286 et,
826 2260 870 2281 ne
888 2249 1071 2291 aliquando
1090 2250 1265 2283 excideret
1292 2256 1410 2284 tantae
1428 2253 1477 2284 rei
1495 2255 1668 2292 memoria,

238 2324 302 2362 vel,
318 2326 453 2355 mutata
463 2320 561 2359 sorte,
574 2319 753 2353 adversarii
766 2331 889 2353 novam
901 2320 999 2353 litem
1012 2322 1244 2361 intenderent,
1257 2323 1358 2366 hujus
1369 2324 1515 2357 foederis
1526 2325 1619 2369 leges
1634 2327 1668 2358 in
