1861 2786
602 250 918 284 MONASTERII
950 251 981 283 A
1010 251 1228 285 KYNLOS.
1599 261 1635 288 15

192 346 305 378 cundo
323 357 392 379 non
410 346 528 379 malas.
581 345 627 379 Et
646 351 685 378 ut
712 347 830 389 paucis
855 345 1038 385 absolvam,
1058 349 1211 380 omnium
1231 346 1450 381 :illidentium
1470 351 1632 384 consensu

191 419 234 451 ab
257 418 324 451 illis
352 418 570 452 collectaneis
587 416 749 451 seleaum
779 416 828 451 est
848 419 907 461 jus
934 419 1142 462 municipale
1172 419 1256 452 illud
1285 433 1323 453 ac
1353 423 1511 464 patrium,
1531 425 1623 466 quod

191 491 297 523 ctiam
317 502 408 523 nunc
428 490 530 534 vulgo
551 490 698 534 Regiam
718 488 942 533 Majestatem
961 491 1091 524 dicunt.

238 562 280 594 In
300 563 483 607 Religione
500 574 581 596 vero
607 561 857 601 constituenda,
877 563 963 596 adeo
988 562 1120 596 solicite
1148 566 1219 608 egit
1240 565 1316 598 Rex
1345 565 1469 606 David,
1493 573 1531 600 ut
1560 580 1625 601 non

190 633 299 667 solum
317 636 462 679 majores
476 634 552 668 suos
564 640 792 673 antevertere,
808 634 865 668 sed
879 636 986 668 etiam
1000 636 1163 679 exemplo
1176 637 1377 670 inimitabili
1393 637 1631 682 posteritatem

188 707 347 740 evincere
372 708 596 751 concupierit.
650 707 814 750 Undique
840 706 1012 741 accersitis
1038 708 1236 743 artificibus,
1266 721 1368 753 opere
1395 712 1497 754 plane
1518 713 1627 757 Regio

189 778 366 812 coenobia
384 780 590 821 quindecim,
609 780 735 822 partim
754 780 790 811 in
807 781 906 823 regni
924 781 1033 817 initio,
1049 781 1174 823 partim
1195 781 1253 813 ubi
1273 782 1344 814 bel—

188 850 260 882 lum
273 851 363 893 quod
376 861 453 883 cum
468 850 593 894 Anglis
604 848 703 894 geffit
715 850 871 883 sedatum
884 851 960 889 fuit,
967 852 1341 896 extruxit,magnisque
1392 874 1434 900 Im
1450 881 1571 901 recenset
1592 875 1629 901 M·

187 923 320 955 dotavit
339 923 540 961 redditibus,
553 927 628 955 tum
647 921 891 962 ecclesiasticis,
904 928 979 956 tum
998 924 1148 956 urbanis.
1194 923 1245 956 Ea
1259 936 1339 957 vero
1391 937 1630 964 Hectorssoethius

186 994 270 1027 haec
296 993 384 1032 sunt,
411 994 525 1033 Caico,
556 994 579 1027 J
582 995 765 1039 edburgus,
799 995 940 1034 Melros,
974 995 1179 1034 Neubottle,
1212 995 1341 1029 Halur-
1390 999 1491 1027 lib-12.
1507 1001 1576 1027 Hist.

185 1065 340 1105 castrain,
360 1066 585 1105 Dundranen,
605 1068 753 1101 Sanctae
771 1068 891 1101 Crucis
909 1066 1166 1106 monasterium,
1186 1068 1338 1112 Campus
1389 1073 1505 1090 suarum.

188 1138 380 1178 Kennethi,
400 1138 525 1178 Killos,
545 1139 798 1178 Dounfermile,
818 1140 949 1173 Holme
975 1141 1010 1173 in
1028 1139 1206 1179 Cumbria,
1220 1138 1344 1173 Vesta-

186 1211 340 1254 liumque
365 1210 571 1244 monasteria
596 1212 673 1250 duo,
701 1223 809 1244 unum
838 1213 881 1245 ad
908 1212 1023 1251 Carlil,
1053 1213 1095 1245 ad
1120 1212 1308 1246 Beruicum
1337 1213 1496 1246 alterum.
1550 1212 1628 1245 Duo

186 1285 271 1316 item
289 1283 466 1316 Coenobia
479 1284 521 1316 ad
542 1283 684 1316 Novum
699 1283 868 1322 Castrum,
887 1296 996 1317 unum
1012 1282 1413 1323 praemonstratensium,
1429 1290 1464 1317 ct
1479 1285 1628 1318 alterum

188 1356 343 1399 Regulae
370 1356 441 1388 diui
468 1355 648 1388 Benedicti
680 1355 913 1399 professorum.
965 1356 1126 1396 Quatuor
1152 1369 1289 1400 quoque
1316 1368 1423 1390 novos
1449 1356 1628 1390 constituit

186 1427 371 1471 episcopos,
384 1426 593 1466 Roffensem,
606 1427 886 1467 Brechinensem‚
900 1428 1220 1468 Dounkeldensem,
1236 1435 1272 1462 et
1288 1428 1627 1467 Dounblancensem,

185 1498 463 1544 amplissimisque
493 1501 662 1534 reditibus
694 1500 930 1544 locupletavit.
982 1501 1155 1540 Quintum
1181 1513 1225 1535 ex
1256 1500 1517 1540 Murthlacenfi,
1545 1502 1627 1535 fecit

184 1572 480 1606 Aberdonensem.

233 1645 302 1677 Sed
320 1645 373 1678 his
392 1643 564 1683 ommiffis‚
584 1646 627 1678 ad
653 1644 854 1689 Kynlusche
880 1651 1044 1679 revertor.
1098 1647 1176 1680 Rex
1202 1648 1309 1691 igitur
1336 1648 1450 1680 David
1470 1660 1546 1680 cuin
1567 1659 1628 1691 per

185 1715 397 1751 occasionem
416 1719 450 1750 in
471 1717 666 1751 Moraviam
686 1716 829 1751 venisset
852 1724 887 1751 et
907 1719 962 1751 die
979 1720 1128 1762 quadam
1147 1731 1191 1752 ex
1209 1731 1305 1752 more
1318 1731 1397 1753 cum
1416 1720 1548 1763 aliquot
1566 1731 1627 1753 no-

185 1790 312 1823 bilibus
332 1790 486 1823 Moravis
511 1789 637 1833 suaque
662 1790 792 1823 familia
810 1791 844 1823 in
873 1796 1037 1824 venatum
1064 1793 1139 1830 iret,
1167 1790 1241 1835 post
1267 1792 1406 1836 longam
1431 1794 1539 1826 totius
1557 1794 1624 1826 diei

184 1863 451 1901 delassationem,
467 1876 505 1897 ac
520 1865 743 1908 procurrendi
768 1865 940 1907 impetum
959 1864 994 1896 in
1007 1864 1095 1897 feras
1109 1864 1184 1897 aliis
1198 1864 1264 1898 alio
1280 1865 1521 1903 inerrantibrm,
1535 1864 1625 1898 solus

184 1937 292 1969 faaus
311 1934 360 1968 est
378 1937 412 1968 in
431 1936 524 1979 sylva
541 1933 798 1979 impeditisiima
817 1941 851 1968 et
870 1937 972 1969 invia.
1024 1936 1080 1969 Ac
1096 1944 1303 1980 properante
1321 1938 1362 1970 ad
1378 1937 1534 1971 occasum
1545 1937 1625 1977 sole,

184 2019 262 2040 cuni
294 2009 452 2050 nequiret
479 2009 603 2051 pedem
630 2008 757 2040 referre
781 2008 823 2040 ab
851 2008 1011 2041 omnibus
1038 2007 1233 2048 destitutus,
1253 2015 1413 2052 precatus
1431 2008 1481 2043 est
1508 2009 1624 2043 Deum

184 2079 267 2122 Opt.
288 2080 384 2112 Max.
405 2084 443 2112 ut
463 2078 537 2112 suos
557 2081 719 2124 dirigeret
739 2078 936 2124 progressus,
955 2080 1157 2124 semperque
1183 2082 1218 2114 in
1237 2083 1409 2115 anteriora
1434 2083 1623 2126 procedens

183 2154 319 2185 niveam
347 2158 551 2195 praeuntem
578 2152 773 2185 columbam
800 2151 1080 2195 subsequebatur.
1134 2152 1190 2186 Ita
1214 2164 1276 2197 per
1298 2155 1408 2187 varios
1434 2154 1547 2199 sylvae
1564 2167 1624 2188 an-

184 2225 308 2257 fractus
327 2224 409 2257 illuc
428 2225 569 2257 tandem
589 2229 794 2268 perventum
814 2224 873 2263 est,
892 2225 949 2257 ubi
970 2236 1062 2257 nunc
1081 2225 1253 2269 templum
1268 2238 1288 2259 a
1306 2226 1485 2270 Kynlusch
1503 2226 1621 2271 postea

183 2294 408 2329 constitutum
441 2296 606 2328 videmus.
659 2295 743 2329 Erat
774 2296 862 2329 forte
897 2301 972 2329 tum
996 2297 1031 2329 in
1061 2298 1185 2331 virenti
1217 2303 1315 2341 prato
1346 2299 1446 2332 arbor
1476 2297 1546 2338 sita,
1575 2301 1616 2333 ad
