1861 2786
211 279 253 310 64
673 273 911 306 HISTORIA
942 274 971 305 A
979 272 1142 305 BBATU
1150 272 1187 304 M

208 370 419 415 profeffionis
436 369 602 404 institutis
614 370 755 413 juravit.
786 369 866 401 Jam
885 369 993 401 factus
1011 378 1100 400 unus
1113 366 1313 404 sodalitati&
1328 367 1487 399 dominus
1500 366 1647 399 Thomas

210 445 252 477 ab
272 445 431 477 omnibus
457 443 658 485 nuncupari,
685 446 722 474 et
747 441 857 474 indies
883 441 992 484 magis
1015 452 1054 472 ac
1080 440 1189 483 magis
1214 437 1359 482 grassari,
1378 443 1418 471 ut
1434 437 1484 471 sui
1502 436 1651 471 instituti

210 518 379 560 penitiora
404 526 473 547 non
499 513 608 547 solum
631 514 844 558 intelligeret
862 513 919 545 sed
937 513 1042 545 etiam
1061 510 1266 544 observaret.
1318 511 1375 544 Ita
1396 510 1575 554 plerosque
1592 510 1651 543 sua

212 586 378 620 modestia
403 592 439 619 et
466 587 646 631 vigilantia
675 587 717 619 ad
743 586 833 619 bene
859 586 1031 627 beateque
1058 584 1244 616 vivendum
1276 584 1452 616 excitavit.
1511 582 1651 616 Interea

212 661 315 693 abbas
331 660 385 701 <ut
402 659 467 703 fit),
487 659 627 703 cognita
645 658 775 690 domini
793 657 946 690 Thomae
964 657 999 688 in
1018 654 1158 699 singulis
1176 656 1372 694 acrimonia,
1391 666 1471 688 eum
1490 667 1558 688 non
1576 667 1652 688 raro

211 733 252 765 ad
272 743 343 764 rem
361 732 549 775 gerendam
569 731 733 763 admovit.
785 730 867 774 Egit
886 729 945 762 ille
960 725 1186 760 strenuiffime
1201 728 1235 760 in
1250 728 1418 766 omnibus,
1434 732 1473 760 ut
1485 727 1558 770 jam
1577 732 1651 759 tum

213 806 246 836 111
265 802 534 837 administranda
551 802 747 835 monasterii
766 802 943 846 republica
960 814 1027 835 non
1049 804 1186 845 ineptus
1205 802 1312 834 videri
1331 800 1448 845 posset.

262 874 342 908 Post
367 875 547 919 paululum
566 887 646 908 vero
670 876 836 918 temporis
855 875 908 916 (ut
926 886 979 907 res
997 874 1076 907 sunt
1094 874 1295 907 mortalium
1316 875 1468 919 fragiles)
1495 875 1654 907 dominus

213 948 318 981 abbas
335 949 373 986 is,
392 959 412 980 a
429 959 496 991 quo
515 947 628 980 sacrae
654 947 812 991 religioni
839 947 952 980 fuerat
974 947 1141 985 initiatus,
1166 947 1237 979 fato
1256 945 1429 980 conceflit.
1480 946 1523 979 In
1541 947 1655 979 locum

214 1020 387 1052 demortui
404 1019 600 1063 surrogatus
618 1017 668 1052 est
686 1020 737 1051 vir
754 1030 824 1051 non
842 1018 1004 1062 ignobilis
1030 1019 1189 1050 dominus
1209 1018 1407 1052 Gulielmus
1425 1024 1655 1063 cognomento

215 1091 379 1130 Culross3
415 1093 473 1134 qui
503 1092 545 1125 ab
576 1093 719 1124 ineunte
749 1095 864 1123 aetate
893 1091 1072 1122 dominum
1102 1090 1269 1123 Thomam
1304 1091 1492 1123 tenerrime
1522 1090 1656 1123 dilexit.

215 1164 327 1197 Tanto
353 1165 459 1208 igitur
476 1168 512 1196 et
530 1163 701 1207 insperato
727 1162 836 1195 fultus
862 1160 1038 1206 praefidio,
1059 1163 1093 1194 in
1111 1163 1323 1206 gravioribus
1349 1163 1452 1195 rebus
1473 1163 1658 1195 tra&andis

216 1248 285 1269 non
321 1236 506 1269 infeliciter
534 1235 720 1279 periclitari
755 1235 892 1277 coepit;
928 1240 964 1267 et
998 1234 1083 1267 nihil
1120 1235 1227 1267 ferme
1258 1246 1411 1278 unquam
1442 1233 1493 1267 est
1519 1235 1659 1267 adortus

218 1309 276 1341 ubi
303 1309 477 1341 fortunam
504 1319 573 1340 non
599 1308 816 1340 adinvenerit
842 1305 1099 1340 secundantem.
1152 1306 1207 1339 Ita
1233 1318 1286 1339 res
1312 1307 1543 1340 intricatiores
1569 1307 1659 1350 apud

217 1380 417 1423 Strathilay,
438 1384 473 1412 et
491 1377 669 1412 ecclesiam
694 1379 737 1411 ab
757 1378 883 1411 Ellone
901 1377 1049 1411 studiose
1076 1378 1272 1422 explicavit,
1300 1383 1341 1411 ut
1366 1379 1531 1421 majorem
1558 1389 1660 1421 quam

219 1464 372 1495 unquam
401 1456 504 1485 antea
529 1452 619 1495 apud
647 1462 774 1483 novum
800 1462 841 1483 eo
868 1456 1025 1494 tempore
1050 1450 1211 1483 abbatem
1239 1451 1419 1483 dominum
1445 1451 1661 1484 Gulielmum

221 1523 279 1557 11111
300 1525 495 1558 conciliarit
512 1523 802 1557 benevolentiam.
844 1523 1003 1560 Proinde,
1022 1523 1065 1555 ab
1083 1534 1123 1555 eo
1142 1523 1197 1555 die
1217 1523 1273 1555 vix
1293 1523 1480 1566 quidquam
1498 1523 1663 1567 gravioris

222 1599 334 1641 operis
357 1597 499 1630 molitus
525 1594 575 1629 est
598 1597 712 1634 abbas,
740 1597 774 1628 in
794 1607 861 1639 quo
885 1594 1056 1628 censendo
1082 1595 1242 1627 dominus
1268 1594 1416 1628 Thomas
1441 1596 1567 1638 primas
1593 1606 1663 1627 non

224 1670 354 1702 tulerit.
407 1668 533 1712 Neque
552 1667 702 1700 obscuris
728 1669 951 1711 argumentis,
971 1667 1045 1710 jam
1063 1666 1142 1705 sese,
1170 1666 1329 1709 quorsum
1356 1666 1564 1700 inclinatura
1581 1665 1664 1700 esset

225 1753 287 1779 res,
312 1742 488 1784 prodebat.
543 1739 635 1773 Nam
663 1740 860 1773 Gulielmus
884 1740 989 1773 abbas
1015 1740 1106 1772 mole
1133 1740 1282 1783 corporis
1307 1744 1479 1783 gravatus,
1498 1744 1538 1773 ut
1555 1740 1665 1783 impar

226 1813 308 1847 esset
330 1814 423 1846 oneri
451 1812 602 1851 ferendo,
630 1813 665 1845 in
688 1812 900 1845 nominando
925 1810 1090 1845 sucessore
1117 1816 1211 1844 totus
1238 1816 1321 1844 erat.
1374 1812 1444 1844 Res
1470 1811 1667 1845 versabatur

228 1888 262 1919 in
289 1886 460 1929 ambiguo,
492 1896 595 1927 quem
625 1882 836 1928 potiffimum
869 1884 1047 1927 deligeret.
1105 1884 1269 1922 Primum,
1302 1884 1550 1917 adhortabatur
1575 1885 1667 1916 vitae

228 1957 436 1994 institutum,
470 1962 510 1989 ut
544 1957 709 1989 canonice
744 1968 762 1989 e
796 1955 985 1989 senioribus
1019 1967 1128 1988 unum
1162 1957 1378 1989 nominaret:
1414 1955 1471 1988 sed
1505 1957 1556 1988 vir
1589 1967 1668 2000 pru-

231 2031 324 2067 dens,
352 2040 429 2062 cum
456 2029 720 2061 inidoneitatem
739 2029 780 2061 ad
799 2039 870 2061 rem
899 2032 1032 2060 tantam
1058 2027 1289 2060 sustinendam
1317 2029 1471 2060 omnium
1497 2026 1667 2060 seniorum

232 2102 374 2134 haberet
399 2100 620 2144 perspectam,
639 2106 674 2133 et
699 2082 942 2133 monasterium
969 2099 1195 2143 dilapidatum
1215 2100 1256 2132 iri
1275 2098 1454 2132 clariffime
1472 2100 1614 2138 videret,
1634 2101 1668 2132 in

234 2174 412 2206 dominum
435 2172 603 2205 'rhomam
629 2173 746 2205 oculos
772 2173 953 2205 convertit.
1006 2172 1195 2205 Adornatis
1212 2173 1330 2215 itaque
1348 2172 1507 2205 omnibus
1525 2173 1559 2204 in
1577 2172 1669 2204 hunc

235 2245 332 2278 usum
357 2243 558 2283 necessariis,
589 2255 662 2277 rem
693 2243 946 2288 transigendam
983 2244 1116 2277 Romae
1146 2243 1340 2277 destinavit.
1392 2244 1446 2277 Ac
1474 2244 1670 2276 volentibus

237 2318 387 2360 Superis,
407 2328 507 2359 quam
536 2314 806 2348 commodissime
833 2317 993 2348 obvenit:
1026 2315 1285 2357 comprobatum
1305 2313 1353 2347 est
1378 2316 1469 2347 enim
1489 2315 1669 2356 negocium
