1861 2786
238 248 280 278 48
691 243 929 277 HISTORIA
957 243 1206 277 ABBATUM

235 341 336 374 aedes
350 346 452 379 totas,
466 341 525 373 ubi
543 338 629 372 solet
644 338 804 373 diversari
816 338 885 383 ipse
897 339 1011 379 abbas,
1026 351 1046 373 a
1060 340 1295 373 fundamentis
1313 340 1489 378 excitavit,
1508 339 1669 372 adhibitis

234 414 269 445 in
288 413 439 446 inferiori
462 412 537 444 loco
555 411 683 454 ubique
701 412 898 450 fornicibus,
916 412 1099 456 magnifica
1117 416 1153 445 et
1175 410 1297 444 illustri
1323 410 1499 444 strufitura.
1550 411 1671 454 Atque

234 483 402 517 ustrinum
428 484 498 517 tale
525 485 636 517 erexit
654 484 755 527 quale
780 495 850 517 non
876 484 977 517 facile
994 485 1030 517 in
1049 484 1168 518 Scotia
1194 485 1362 528 reperias3
1386 488 1422 516 et
1447 484 1603 527 proxime
1629 484 1672 516 ad

234 554 401 589 ustrinum
434 553 677 600 ampliffimum
715 557 857 589 domum
892 556 1005 600 posuit
1039 557 1073 588 in
1108 568 1176 599 qua
1217 553 1395 589 braffeium
1428 560 1594 599 paratur3
1637 560 1673 588 et

234 628 406 672 superiore
435 627 511 661 loeo
530 628 598 661 duo
624 628 746 661 horrea
771 628 886 672 ampla
911 628 1020 666 valde,
1051 629 1111 660 ubi
1140 639 1247 672 grana
1276 628 1318 661 ad
1348 627 1447 660 usum
1476 625 1672 661 monasterii

236 700 423 733 servantur.
472 699 593 743 thue
611 700 825 733 commodius
843 711 922 733 eum
940 699 1072 743 lapides
1090 703 1166 732 tum
1184 699 1279 744 ligna
1296 712 1315 732 e
1332 698 1564 733 remotissimis
1590 700 1673 733 locis

235 773 277 805 ad
301 770 484 805 struEturas
511 783 594 815 quas
619 772 828 805 moliebatur
854 773 1068 816 importaret,
1100 772 1238 816 longam
1265 773 1380 805 navim
1407 773 1539 816 paravit
1565 773 1673 806 veluti

236 845 390 877 biremen
420 855 507 887 quae
542 845 665 888 viginti
691 848 839 887 quatuor
863 845 966 877 remis
993 849 1162 889 ageretur.
1226 844 1331 877 Anno
1361 848 1451 878 1540
1479 846 1673 878 aedificavit

236 927 360 949 navem
377 916 500 959 templi
518 927 538 949 a
555 915 698 948 Belloco
724 916 906 960 magnifice
924 927 963 949 ac
980 916 1179 949 imbricibus
1196 928 1240 949 ex
1258 928 1386 959 quercu
1404 918 1531 960 paratis
1549 928 1674 961 magno

235 987 383 1032 sumptu.
421 987 557 1020 Turrim
569 993 747 1031 praeterea
764 999 1008 1031 campanarum
1026 1000 1129 1032 quam
1145 987 1333 1022 decusserat
1350 990 1483 1022 tonitru
1498 989 1675 1033 eleganter

236 1058 396 1093 restituit.
447 1059 552 1092 Anno
571 1071 650 1092 vero
672 1062 762 1093 1544
786 1060 971 1092 demolitus
990 1058 1039 1092 est
1058 1060 1128 1093 illic
1147 1061 1249 1093 aedes
1266 1062 1387 1104 prioris
1405 1060 1556 1094 vetustas
1575 1060 1673 1094 simul

235 1137 271 1165 et
303 1131 452 1170 rimosas
479 1133 514 1164 in
540 1143 686 1175 quarum
715 1132 830 1165 locum
857 1133 969 1165 erexit
995 1130 1235 1175 amplissimam
1261 1137 1296 1166 et
1324 1132 1490 1166 illustrem
1522 1134 1673 1171 domum,

237 1215 316 1237 cum
334 1202 392 1237 sex
410 1205 446 1236 in
464 1204 625 1236 inferiore
644 1204 719 1237 loco
737 1204 934 1237 fornicibus.

283 1276 389 1309 Anno
411 1278 510 1314 1540,
528 1275 589 1308 sub
607 1275 629 1309 J
632 1277 738 1309 acobo
757 1277 829 1320 ejus
843 1277 992 1309 nominis
1010 1278 1132 1320 quinto
1151 1278 1335 1310 Scotorum
1353 1277 1461 1322 Rege,
1482 1278 1675 1312 declaratus

236 1348 285 1382 est
298 1354 334 1382 et
348 1350 508 1382 inun&us
526 1348 703 1392 episcopus
717 1348 966 1388 Orchadenfis;
985 1350 1044 1383 ubi
1063 1350 1217 1392 quotidie
1235 1350 1347 1383 multa
1364 1355 1461 1394 parat
1480 1351 1522 1384 ad
1541 1356 1675 1385 veteres

237 1420 465 1454 restituendas
491 1419 675 1454 struthlras
694 1426 729 1454 et
755 1432 860 1454 novas
886 1422 971 1454 item
998 1421 1237 1454 aedificandas.
1290 1422 1385 1455 Dum
1412 1434 1474 1467 ego
1498 1423 1675 1457 haererem

239 1495 272 1526 in
309 1493 442 1531 Galliis,
473 1493 515 1526 ad
549 1497 792 1526 ornamentum
823 1492 901 1526 suae
934 1494 1055 1526 domus
1083 1505 1103 1526 a
1133 1493 1268 1537 Kynlos
1306 1495 1451 1528 adduxit
1486 1507 1505 1528 e
1540 1495 1677 1540 Dieppa

240 1567 350 1598 virum
368 1566 497 1598 bonum
516 1570 551 1597 et
569 1570 687 1597 tamen
709 1566 860 1609 peritum
878 1566 1059 1609 plantandi
1078 1571 1113 1598 et
1131 1565 1299 1599 inserendi
1319 1567 1510 1600 fruffiferas
1528 1569 1676 1603 arbores„

239 1638 378 1670 nomine
397 1637 613 1670 Gulielmum
636 1637 774 1676 Lubias,
802 1636 930 1671 statura
955 1649 1136 1681 procerum
1164 1643 1198 1671 et
1217 1639 1353 1682 peetore
1380 1638 1676 1676 candidissimum:

240 1721 320 1754 erga
337 1710 468 1752 optima
492 1721 658 1753 quaeque,
683 1721 770 1753 quae
792 1710 905 1743 multa
928 1711 963 1743 in
987 1711 1038 1743 his
1063 1711 1171 1743 hortis
1200 1716 1235 1743 et
1260 1712 1350 1744 circa
1374 1711 1498 1751 locum,
1528 1713 1615 1746 adde
1642 1719 1677 1746 et

240 1781 431 1814 universam
467 1781 661 1815 Moraviam
697 1782 812 1815 effecit
850 1782 950 1815 utilia
984 1782 1083 1815 valde
1124 1787 1228 1826 atque
1266 1782 1419 1826 spectatu
1458 1782 1650 1828 digniffima
1669 1797 1676 1824 ;

241 1854 325 1886 nihil
360 1854 452 1886 enim
488 1852 536 1886 est
571 1855 661 1897 quod
695 1852 796 1897 poffis
830 1855 865 1887 in
899 1855 1053 1898 preclaro
1088 1859 1123 1887 et
1154 1853 1291 1888 strenuo
1318 1856 1458 1888 homine
1489 1855 1678 1890 defiderare

241 1926 388 1969 amplius
403 1924 463 1958 nifi
477 1931 608 1959 careret
621 1926 730 1959 altero
742 1927 839 1970 pede,
855 1938 957 1970 quem
972 1927 1039 1959 ἰᾶυ
1053 1927 1262 1960 bombardae
1277 1928 1358 1960 dum
1371 1939 1476 1971 prope
1492 1927 1677 1962 Maffiliam

242 1996 301 2029 sub
319 1996 377 2029 suo
395 2008 474 2041 rege
494 1996 672 2031 Francisco
698 1998 771 2041 ejus
797 1999 945 2031 nominis
971 1999 1081 2042 primo
1108 2000 1141 2031 in
1168 1999 1261 2031 bello
1287 2000 1401 2033 navali
1423 1999 1582 2034 adversus
1601 2000 1679 2034 His-

242 2080 348 2112 panos
373 2074 505 2113 pugnat
531 2067 771 2108 ardentissime,
799 2068 933 2103 amifit:
962 2068 1012 2103 est
1038 2071 1143 2103 ctiam
1169 2072 1300 2114 peritus
1327 2072 1527 2116 chirurgiae,
1556 2078 1594 2105 ut
1621 2075 1677 2116 qui

243 2140 372 2173 multos
391 2141 523 2184 juverit
540 2142 575 2173 in
594 2141 786 2185 obligandis
814 2142 1013 2175 vulneribus
1031 2147 1105 2175 toto
1124 2143 1188 2176 hoe
1207 2144 1442 2186 quinquennio
1466 2156 1526 2188 per
1545 2146 1680 2178 uuiver—

244 2212 313 2246 sam
334 2212 537 2245 Moraviam.

293 2285 367 2329 Ego
393 2296 483 2324 vero,
511 2296 588 2318 cum
615 2286 734 2319 multis
760 2287 918 2329 precibus
949 2292 984 2320 et
1011 2287 1119 2321 literis
1150 2287 1301 2332 ejusden]
1329 2289 1463 2323 abbatis
1489 2296 1678 2330 revocatus,
