1861 2786
823 247 1001 292 [σι]

232 487 392 524 Tuomst,
412 487 501 530 apud
522 486 660 518 Culrolls:
679 484 821 518 honesto
841 486 916 519 loco
931 491 1043 523 natus,
1064 492 1224 529 parentes
1243 488 1364 521 habuit
1383 499 1461 521 cum
1481 489 1630 533 frugales

184 565 259 592 tum
274 560 356 602 pios,
369 570 413 591 ex
428 557 676 602 Crystallorum
690 564 806 591 vetere
821 557 901 591 satis
916 559 1044 592 familia
1057 571 1065 598 ;
1084 561 1142 602 qui
1156 571 1235 592 cum
1252 561 1410 594 viderent
1425 573 1504 594 eum
1520 562 1631 596 bonae

182 631 251 675 spei
271 643 415 675 puerum
434 630 549 664 statim
568 631 681 664 adhuc
698 631 913 674 impuberem
933 643 1001 664 una
1019 643 1098 665 cum
1115 643 1281 676 germano
1300 633 1360 666 suo
1378 634 1522 667 Andrea
1546 640 1630 668 natu

182 704 310 746 majore
333 704 442 737 literis
460 716 499 737 ac.
517 704 669 736 moribus
688 704 906 737 formandum
933 704 1161 737 tradiderunt.
1214 705 1298 738 Erat
1318 710 1393 739 tum
1411 708 1577 751 temporis
1595 709 1631 740 in

181 775 386 809 monasterio
411 788 431 809 a
455 776 593 809 Culross
612 778 662 809 vir
688 777 722 809 in
749 777 868 820 primis
894 776 1061 821 religione
1087 775 1328 817 ornatiffimus,
1355 784 1392 812 et
1419 779 1473 822 (ut
1498 780 1632 813 ferebat

181 849 241 881 illa
258 854 363 887 aetas,
382 849 425 881 ad
444 849 603 881 meliores
621 848 738 881 literas
756 848 885 891 rudior)
905 849 940 880 in
954 848 1138 882 elementis
1151 851 1395 894 grammatices
1409 852 1498 885 bene
1513 852 1632 885 doetus

182 922 341 953 dominus
367 920 517 953 Thomas
547 925 779 965 cognomento
811 919 948 959 Person,
979 919 1132 964 ejusdem
1160 921 1358 955 monasterii
1386 922 1551 967 profefl‘us
1578 925 1633 965 (ut

182 996 321 1035 vocant)
349 994 548 1026 monachus.
601 993 694 1026 Huic
721 993 870 1026 traditus
896 991 947 1026 est
972 1004 1050 1025 cum
1074 994 1180 1027 fratre
1206 1006 1226 1027 a
1251 996 1453 1038 parentibus
1472 996 1630 1030 Thomas.

183 1066 231 1099 Et
256 1072 296 1098 ut
321 1071 396 1099 erat
421 1063 636 1109 capaciffimo
663 1066 803 1109 ingenio
829 1076 923 1109 puer,
951 1066 1001 1098 ita
1027 1067 1182 1099 animum
1209 1067 1251 1100 ad
1271 1068 1487 1101 imbibendas
1513 1069 1632 1102 literas

181 1149 285 1182 quam
320 1138 441 1171 lubens
479 1138 643 1176 admovit,
678 1149 717 1170 ac
750 1149 856 1181 parvo
888 1139 1053 1181 temporis
1088 1139 1258 1172 curriculo
1290 1144 1429 1173 tantum
1459 1143 1633 1184 promovit

181 1209 350 1248 discendo,
370 1215 409 1243 ut
427 1210 587 1253 aequales
606 1209 682 1243 suos
701 1221 830 1249 omnes,
850 1211 955 1243 etiam
973 1222 1178 1255 germanum
1193 1211 1373 1245 Andream
1387 1213 1501 1246 multo
1518 1212 1631 1257 spacio

181 1288 426 1316 anteverteret.
479 1283 519 1315 Id
546 1294 653 1326 quum
673 1284 830 1316 viderent
856 1288 1027 1327 parentes,
1055 1295 1118 1316 nec
1145 1284 1254 1317 latere
1280 1282 1388 1328 pofi’et
1407 1286 1563 1319 divinum
1581 1287 1632 1319 in-

181 1357 332 1400 genium,
360 1356 524 1399 majorem
545 1356 619 1398 jam
644 1361 719 1388 tum
741 1355 835 1399 spem
860 1356 903 1389 de
926 1367 1032 1399 puero
1052 1357 1298 1400 concipientes,
1317 1359 1506 1391 amicorum
1525 1360 1631 1392 etiam

182 1429 322 1461 hortatu
351 1440 369 1461 e
397 1428 519 1461 scholis
546 1429 851 1472 grammaticorum
883 1428 1124 1472 (praepropere
1152 1431 1285 1472 tamen)
1314 1429 1497 1470 revellunt,
1525 1436 1561 1464 et
1588 1432 1631 1464 ad

181 1502 315 1545 praxim
335 1500 498 1534 musicam
518 1501 783 1544 comparandam
803 1499 1054 1545 transponunt3
1081 1499 1150 1534 five
1168 1506 1244 1534 tum
1263 1502 1313 1535 illi
1335 1503 1384 1536 ita
1397 1501 1631 1537 existimarint

181 1584 261 1606 eum
288 1571 379 1616 posse
400 1574 463 1606 hac
483 1574 538 1606 via
554 1574 589 1606 in
607 1574 752 1617 gradum
779 1573 929 1616 aliquem
953 1572 1221 1606 ecclesiasticum
1240 1575 1411 1614 invadere,
1439 1573 1507 1609 five
1525 1576 1631 1619 (quod

182 1646 291 1689 magis
317 1645 536 1689 crediderim)
563 1645 682 1677 Divini
708 1645 874 1678 Numinis
904 1646 1101 1689 benignitas
1127 1646 1170 1679 ad
1198 1658 1238 1679 ea
1264 1657 1352 1689 quae
1381 1647 1527 1691 sequuta
1552 1648 1631 1682 sunt

182 1718 281 1750 illum
296 1716 340 1751 fic
356 1716 551 1751 destinarat.
596 1718 685 1751 Cum
700 1716 783 1751 ess'et
798 1719 904 1762 igitur
918 1716 1067 1750 Thomas
1081 1718 1116 1750 in
1131 1723 1247 1751 aetate
1262 1719 1375 1752 adhuc
1389 1720 1450 1753 illa
1463 1720 1630 1754 tenerius-

182 1790 268 1828 cula„
296 1801 365 1822 non
384 1791 542 1833 ineptum
569 1790 745 1823 hominem
764 1795 799 1823 et
818 1791 853 1822 in
870 1788 1008 1823 musicis
1029 1789 1282 1834 peritiffimum,
1310 1791 1527 1825 Gulielmum
1546 1793 1629 1826 Rait

183 1864 294 1895 virum
324 1862 450 1896 laicum
479 1867 515 1895 et
545 1863 681 1896 abbatis
707 1874 726 1895 a
752 1862 890 1896 Culross
920 1864 1061 1896 fratrem
1092 1874 1294 1907 germanum
1327 1865 1470 1898 audivit.
1521 1865 1628 1910 Apud

182 1936 274 1967 hunc
293 1936 410 1978 paucis
427 1933 602 1967 menfibus
621 1936 655 1967 in
674 1940 814 1968 tantum
834 1936 988 1978 profecit,
1004 1940 1043 1967 ut
1062 1935 1163 1968 facile
1181 1936 1359 1969 videretur
1371 1948 1391 1970 a
1405 1942 1529 1971 natura
1546 1938 1629 1972 illuc

183 2007 316 2040 deduci.
369 2006 533 2040 Habebat
551 2018 611 2050 pro
630 2012 711 2040 voto
730 2018 891 2041 canoram
910 2007 1009 2040 fimul
1028 2013 1064 2041 et
1082 2006 1288 2051 crispantem
1308 2020 1437 2048 vocem,
1464 2021 1503 2043 ac
1531 2011 1627 2044 nullo

182 2084 309 2112 conatu
327 2090 407 2111 cum
426 2078 492 2111 suis
511 2079 712 2121 aequalibus
731 2080 780 2112 ita
793 2079 1046 2118 modulabatur,
1066 2084 1104 2113 ut
1118 2081 1249 2114 multos
1262 2081 1435 2125 spectatae
1449 2083 1629 2127 dignitatis

183 2153 272 2184 viros
290 2152 333 2185 ad
352 2151 385 2184 se
403 2151 589 2184 amandum
612 2151 799 2184 induxerit.
852 2151 1009 2184 Primum
1029 2152 1120 2186 illius
1138 2153 1204 2186 loci
1223 2154 1328 2187 abbas
1347 2155 1508 2188 <lominus
1526 2155 1629 2190 Jaco-

183 2225 246 2257 bus
266 2223 346 2257 Rait
367 2225 421 2265 (ut
439 2224 494 2256 cui
513 2224 556 2256 de
574 2235 680 2267 puero
699 2221 803 2256 essent
828 2222 1000 2258 notiffima
1017 2226 1146 2270 omnia)
1165 2226 1318 2270 impense
1337 2228 1409 2272 egit
1427 2229 1470 2261 de
1495 2228 1628 2263 Thoma

183 2299 215 2329 in
236 2296 373 2328 suorum
400 2296 647 2329 monachorum
666 2308 810 2329 numero
838 2298 1044 2340 recipiendo,
1096 2298 1148 2332 At
1167 2310 1287 2343 parum
1307 2300 1391 2333 favit
1410 2300 1459 2333 illi
1479 2301 1627 2340 fortuna,
