1861 2786
217 283 259 317 70
675 276 916 310 HISTORIA
943 275 1192 309 ABBATUM

215 374 396 409 oscitantia
414 375 679 407 intermortuam
697 372 910 416 religionem,
929 372 964 404 in
980 372 1163 404 decentem
1183 370 1339 403 ordinem
1353 368 1533 404 restituere
1550 376 1651 414 prout

215 447 367 491 sequitur
380 446 557 479 laboravit.
609 443 784 487 Inprimis
798 444 970 477 morbidas
983 443 1115 486 aliquot
1134 453 1215 475 oves
1234 443 1276 475 de
1293 441 1351 475 suo
1368 454 1481 487 grege,
1499 443 1648 481 hortatu,

215 524 251 552 et
269 520 360 552 vitae
386 516 569 560 exemplo;
597 517 731 555 deinde,
751 517 811 549 ubi
834 515 952 549 salutis
978 515 1072 560 spem
1099 516 1193 548 videt
1212 515 1435 565 deploratam,
1455 516 1559 548 etiam
1583 515 1649 548 levi

216 591 368 625 cauterio
397 588 579 622 restituere
609 592 753 621 conatus
784 586 843 620 est.
911 586 1059 621 Vidisses
1087 586 1203 620 statim
1229 588 1429 620 aberrantes
1459 587 1541 620 olim
1572 599 1652 620 oves

216 661 358 708 pastoris
375 662 559 706 prudentia
585 673 623 693 ac
648 661 868 693 humanitate
894 658 1096 703 resipiscere,
1124 663 1160 692 et
1178 660 1293 692 omnia
1318 660 1353 691 in
1379 659 1504 692 melius
1529 658 1651 692 senfin}

216 736 381 769 converti.
425 733 506 767 Huc
521 734 626 766 etiam
640 730 786 771 acceffit,
805 738 844 764 ut
858 732 1003 765 fratrum
1018 743 1202 764 numerum
1220 732 1255 764 in
1274 731 1410 774 Kynlos
1424 733 1651 776 perexiguum

217 810 251 841 in
279 809 461 840 decentem
489 804 774 847 numerosamque
803 804 1021 837 sodalitatem
1046 802 1238 847 surrigeret.
1303 803 1456 836 Primum
1489 815 1591 847 quam
1617 805 1652 836 in

217 881 379 914 abbatem
397 876 631 922 designaretur
649 877 807 909 dominus
825 876 983 915 Thomas,
1002 877 1059 908 vix
1075 876 1336 919 quatuordecim
1350 876 1473 909 fratres
1487 877 1522 909 in
1536 888 1653 909 mona-

218 952 318 986 sterio
342 951 571 987 videbantur;
601 947 719 993 postea
737 960 817 981 vero
836 950 957 992 viginti
984 953 1044 981 aut
1068 948 1192 992 plures,
1213 959 1291 981 cum
1311 960 1380 981 uno
1398 948 1540 981 detonso
1566 949 1653 982 laico

220 1026 336 1068 (quem
363 1020 564 1056 conversum
591 1021 724 1063 dicunt)
750 1025 919 1064 perpetuo
945 1021 1161 1053 adnumerati
1188 1020 1277 1053 sunt.
1329 1020 1385 1059 Et,
1413 1032 1456 1053 ne
1482 1026 1583 1064 putes
1606 1022 1655 1053 ita

218 1107 401 1130 numerum
427 1094 674 1127 monachorum
698 1090 878 1126 accrevisse
904 1097 943 1125 ut
969 1096 1087 1125 tamen
1116 1092 1245 1135 aliquid
1272 1093 1314 1124 de
1336 1093 1428 1125 victu
1454 1103 1571 1125 eorum
1599 1094 1656 1126 de-

219 1170 367 1203 tractum
392 1166 444 1205 fit,
471 1166 707 1210 qnotidianam
733 1165 839 1197 etiam
870 1164 1069 1197 alimoniam
1096 1175 1175 1197 cum
1205 1162 1283 1207 ipsis
1308 1164 1505 1197 hominibus
1530 1165 1656 1197 auctio-

219 1253 291 1275 rem
318 1240 442 1273 effecit.
494 1238 536 1270 In
563 1238 683 1270 diebus
709 1237 873 1274 carnium,
900 1234 1041 1280 singulis
1066 1236 1322 1275 monachorum,
1345 1241 1482 1279 praeter
1499 1241 1655 1270 veterum

220 1312 515 1349 consuetudinem,
542 1313 690 1353 quatuor
716 1309 873 1341 denarios
891 1308 1027 1351 adjecit.
1080 1307 1213 1340 Diebus
1232 1319 1312 1340 vero
1330 1308 1454 1350 quibus
1472 1307 1656 1341 vescuntur

222 1386 357 1421 Alagano
372 1386 461 1411 ἀναλο-
506 1381 664 1426 piscibus,
692 1381 879 1424 unicuique
910 1381 1089 1413 denarium
1124 1378 1309 1423 adscripsit.
1377 1380 1469 1419 Quid
1498 1381 1540 1413 de
1567 1392 1656 1424 pane

221 1436 467 1523 ζέῑίςῳέῖῗῑῖῗζῗ
506 1453 651 1497 loquar?
703 1452 783 1485 Mos
813 1453 879 1484 fuit
910 1456 1001 1490 ante,
1029 1451 1099 1484 lato
1134 1462 1231 1494 pane,
1266 1452 1330 1484 hoc
1367 1450 1425 1490 est,
1456 1452 1579 1496 lagano
1614 1464 1655 1485 ex

278 1509 285 1520 ,
377 1504 383 1513 «
451 1504 458 1512 ι

225 1540 329 1576 ptisana
342 1538 473 1574 ptisanar-
514 1526 631 1559 avenis
657 1525 699 1557 ad
718 1525 833 1568 ignem
860 1523 959 1567 super
977 1523 1150 1567 laganario
1171 1523 1328 1562 formato,
1355 1524 1532 1557 monachis
1551 1524 1656 1557 vesci:

222 1592 276 1617 ium
292 1600 337 1616 vas
358 1588 468 1616 inflectit
509 1609 611 1635 nunc,
630 1597 782 1629 Thomae
801 1596 935 1628 abbatis
965 1595 1184 1628 humanitate
1210 1593 1310 1627 fimul
1334 1600 1369 1627 et
1396 1593 1570 1634 industria,
1598 1608 1658 1640 per

223 1641 361 1672 Horatius,
381 1639 427 1666 lib.
446 1642 468 1665 1,

221 1689 471 1726 Sermonum.[Sat.

228 1744 269 1771 II.
285 1745 326 1770 iz'z'.
344 1742 426 1779 155.]
471 1759 473 1777 ρ
515 1742 659 1774 duarum
678 1740 832 1783 quotidie
850 1736 997 1772 acceffit.

513 1667 663 1712 singulos
708 1668 830 1700 fratres
876 1667 973 1710 panis
1018 1667 1257 1699 frumenticius
1300 1667 1478 1699 unciarum
1516 1669 1659 1712 triginta

274 1815 352 1848 Nec
370 1825 450 1847 eum
474 1814 642 1846 deterruit
660 1816 835 1845 tantorum
856 1812 928 1844 vita
945 1811 1101 1844 laborum
1119 1810 1220 1854 supra
1236 1811 1378 1843 modum
1404 1810 1659 1854 impeditissima

228 1893 263 1921 et
282 1886 375 1931 quafi
395 1887 507 1920 alieno
525 1897 603 1918 aere
622 1882 782 1928 oppreffa,
801 1888 840 1916 ut
859 1885 964 1916 etiam
983 1883 1025 1915 de
1043 1881 1270 1916 instaurandis
1296 1883 1361 1916 loci
1384 1883 1546 1916 aedificiis
1572 1886 1662 1928 cogi-

226 1964 326 1993 taret.
392 1958 448 1991 Ita
475 1958 534 1990 ille
563 1958 606 1990 ab
634 1958 779 1989 ineunte
809 1959 925 1988 aetate
954 1955 1059 1987 vitam
1090 1953 1185 1987 suam
1216 1955 1422 1988 formaverat
1453 1956 1495 1988 ad
1525 1957 1659 1998 quidvis

227 2030 359 2064 honesti
390 2041 507 2063 curam
533 2028 756 2066 subeundam,
787 2031 827 2059 ut
852 2028 983 2071 gratius
1009 2026 1059 2058 illi
1085 2025 1217 2070 semper
1247 2027 1351 2059 fuerit
1382 2027 1416 2059 in
1451 2028 1659 2071 reipublicae

229 2104 307 2137 snae
333 2102 575 2145 compendium
603 2101 720 2133 durius
748 2101 862 2132 vivere
888 2110 991 2142 quam
1018 2099 1144 2142 alioqui
1171 2110 1232 2142 per
1250 2099 1464 2142 voluptatem
1491 2100 1533 2132 de
1551 2100 1660 2133 officio

230 2183 265 2209 et
283 2175 364 2207 recti
384 2185 465 2207 cura
482 2172 664 2206 discedere.
716 2172 759 2204 In
777 2171 895 2215 primis
913 2171 1019 2215 igitur
1036 2171 1207 2214 templum
1226 2170 1335 2214 ipsum
1354 2169 1525 2204 vetustate
1543 2171 1661 2205 secun-

231 2249 313 2280 dum
343 2244 551 2279 testudinem
582 2248 779 2287 corruptam
806 2240 959 2286 postibus
991 2243 1155 2275 decenter
1184 2243 1301 2286 politis
1329 2242 1427 2286 supra
1457 2244 1597 2276 chorum
1626 2249 1661 2276 et

231 2322 266 2352 in
293 2328 536 2362 campanarum
555 2316 642 2349 turri
663 2314 886 2354 instauravit;
913 2326 951 2348 ac
980 2319 1093 2347 totum
1120 2315 1291 2358 templum
1318 2314 1505 2348 secundum
1532 2317 1660 2349 tectum
