1861 2786
600 248 920 282 MONASTERII
948 249 980 282 A
1012 248 1227 282 KYNLOS.
1595 256 1638 284 ‘23'

193 349 286 380 tare:
323 354 442 376 verum
468 354 529 387 per
554 342 734 376 intestinas
761 343 946 378 seditiones
968 356 1035 377 non
1056 345 1154 378 licuit
1174 344 1365 377 Maleolmo
1385 345 1494 378 multa
1514 346 1635 378 favero.

193 416 356 449 Extinfito
387 421 504 449 autem
536 415 737 454 Malcohno,
769 415 923 449 suceeffit
955 417 1153 450 Gulielmus
1185 417 1263 450 Rex
1295 419 1345 450 vir
1374 418 1462 461 pius,
1492 419 1549 460 qui
1579 419 1636 450 do-

192 490 285 521 mino
310 488 472 521 Andreae
501 493 536 521 et
564 487 716 532 surgenti
747 487 960 522 Monasterio
989 501 1009 523 a
1038 489 1174 533 Kynlos
1203 490 1388 523 Bal-oniam
1418 503 1437 523 a
1466 490 1635 534 Strathily

192 561 281 593 dono
317 561 421 593 dedit.
491 560 559 593 Hic
596 560 767 593 Dominus
808 561 968 594 Andreas
1005 563 1169 595 fornicem
1206 562 1362 595 summae
1396 574 1474 595 arae
1514 563 1634 606 posuit.

192 639 225 665 vt
257 645 333 666 eain
364 639 497 677 partem
533 633 771 666 columnarum
808 632 944 666 claustri
981 646 1068 678 quae
1104 635 1146 667 ab
1181 635 1308 679 angulo
1346 633 1493 667 vestiarii
1531 635 1636 679 usqu(¹

193 706 233 738 ad
254 704 470 749 sepulchrum
487 706 560 748 ejus
579 717 670 738 nunc
690 707 794 738 etiam
815 704 943 738 vifitur.

240 921 417 953 Domxus
446 920 656 953 RA1NER1Us
1000 947 1007 959 ‚
1028 920 1152 954 Assffls
1180 934 1199 955 A
1231 923 1385 957 KYNLos
1415 925 1589 958 TERTIUS.

651 993 750 1026 Obiit
776 993 882 1025 Anno
902 993 1044 1026 Domini
1070 998 1170 1030 1219.

238 1139 330 1178 Quid
357 1136 419 1171 iste
446 1139 576 1176 feeerit,
608 1139 761 1171 nondum
793 1140 943 1182 reperire
974 1141 1160 1182 potuimus.
1214 1142 1287 1173 Sub
1319 1142 1382 1175 hoe
1415 1147 1533 1176 tamen
1566 1145 1636 1175 viro

192 1213 337 1245 dedu&a
355 1210 405 1244 est
423 1211 557 1244 colonia
575 1223 594 1244 a
612 1210 758 1244 Culross.
811 1211 916 1244 Anno
937 1212 1078 1245 Domini
1100 1216 1202 1252 1217,
1222 1214 1285 1247 hoe
1308 1214 1357 1247 est
1384 1227 1403 1248 a
1430 1216 1636 1248 fundatione

194 1283 395 1317 Mon-asterii
427 1295 445 1316 a
477 1283 612 1327 Kynlos
647 1295 737 1316 anno
771 1284 847 1321 136,
885 1283 969 1328 [76]
1003 1286 1091 1318 fafita
1120 1284 1169 1318 est
1200 1293 1393 1320 conventus
1425 1288 1459 1321 S.
1493 1289 1636 1321 Servani

193 1358 336 1395 vleffim
364 1362 399 1389 et
420 1357 562 1401 profe&i
590 1356 668 1389 sunt
695 1356 827 1400 aliquot
856 1356 1021 1390 Monaehi
1049 1370 1069 1391 a
1095 1358 1240 1402 Kynlos,
1272 1360 1378 1393 veluti
1406 1362 1440 1393 in
1466 1361 1637 1394 coloniam

192 1432 373 1474 quandam,
409 1431 450 1463 ad
481 1430 721 1462 fundationem
759 1428 961 1462 Monasterii
996 1443 1016 1463 a
1050 1431 1197 1470 Cuhoss,
1234 1433 1288 1465 die
1322 1432 1414 1466 saera
1451 1434 1636 1467 Matthaeo

193 1503 370 1547 Apostolo.
423 1503 675 1535 Monaeliorun]
704 1504 845 1535 nomina
864 1502 942 1535 sunt

242 1649 357 1692 Hujus
388 1649 479 1680 enim
512 1648 646 1680 abbatis
677 1658 780 1690 opera
815 1647 892 1688 (nisi
923 1649 1063 1680 omnino
1096 1648 1208 1692 fallor)
1240 1650 1402 1693 quiequid
1434 1651 1556 1693 reliqui
1588 1650 1636 1683 est

191 1720 338 1759 claustri,
367 1720 441 1765 post
468 1721 598 1753 domini
625 1720 789 1752 Andreae
816 1720 950 1753 abbatis
978 1721 1117 1753 initium
1144 1722 1320 1764 perasstum
1349 1721 1407 1761 est,
1436 1734 1634 1766 quanquam

191 1807 267 1839 pars*
309 1806 349 1827 ea
391 1805 478 1837 quae
522 1794 631 1837 vergit
674 1793 716 1825 ud
760 1792 950 1835 capitulum
995 1793 1153 1826 videatur
1197 1794 1298 1838 longe
1340 1793 1523 1838 posterior;
1567 1808 1633 1828 non

191 1867 340 1900 multum
361 1866 487 1903 1·efert;
514 1865 587 1897 fieri
607 1866 737 1897 etenim
757 1863 877 1907 potest,
906 1869 944 1896 ut
971 1876 1048 1897 cum
1076 1863 1154 1897 arfit
1183 1864 1435 1899 Monasterium
1454 1868 1635 1901 columnae

190 1940 322 1982 aliquot
348 1937 413 1970 sint
444 1937 647 1975 contraditae,
675 1938 710 1969 in
737 1947 881 1979 quarum
913 1937 1027 1970 locum
1058 1935 1269 1971 accesserunt
1296 1950 1379 1982 quas
1414 1951 1506 1973 nunc
1542 1941 1635 1974 vide-

192 2023 267 2045 mus
294 2023 353 2055 per
379 2009 597 2054 insequentes
616 2009 769 2043 abbates.
