1861 2786
587 252 903 287 MONASTERII
932 252 963 284 Λ
992 250 1209 284 KYNLOS.
1573 254 1617 285 ΩΤ

179 352 265 383 torio
293 350 427 395 Anglos
458 348 666 393 insumpsisse
693 350 824 382 coldras
853 345 959 380 Brasii
989 348 1042 385 60,
1070 345 1282 390 supputante
1309 345 1395 378 laico
1422 345 1522 388 hujus
1552 345 1614 377 loci

178 424 356 456 monacho.
409 422 499 455 Mihi
518 433 587 454 non
606 422 645 454 fit
664 420 846 453 verisimile
864 423 1001 452 tantum
1021 415 1166 461 potuisse
1184 418 1277 450 hunc
1296 417 1409 450 locuni
1437 415 1615 460 praestare.

177 492 238 526 nisi
258 495 445 527 dixerimus
463 506 506 527 ex
525 494 600 527 aliis
618 494 701 525 locis
720 493 785 525 huc
805 492 939 524 invecta
956 490 1128 533 pleraque,
1149 500 1217 521 non
1231 488 1339 522 solum
1359 490 1401 522 ad
1421 494 1541 532 pot-um
1560 488 1613 521 scd

176 567 219 598 ad
238 568 352 599 cibum
371 578 516 609 quoquc.

243 668 418 701 DoMlNUs
435 668 587 701 THOMAs
925 690 932 701 ‚
953 664 1077 696 Annis
1098 675 1117 695 A
1140 662 1294 696 KYNLos
1318 663 1550 702 UNoEfflMiis,

643 739 741 772 Obiit
761 737 866 770 Anno
886 736 1028 768 Domini
1051 738 1151 768 1391.

224 829 298 861 Sub
325 830 463 862 initium
490 830 591 872 hujus
616 829 760 865 abbatis,
791 827 865 859 Rex
893 825 1066 857 Robertus
1090 824 1192 856 Bruis
1221 823 1353 867 semper
1380 823 1614 858 invictissimus

176 901 325 933 contulit
344 900 559 934 Monasterio
577 913 597 933 a
615 900 751 944 Kynlos
768 898 974 944 piscationes
992 908 1012 929 a
1030 896 1214 939 Fynderne
1233 907 1364 934 omnes,
1384 897 1577 930 inchoando
1596 910 1614 930 a

176 972 339 1005 Dunduff
350 972 456 1016 usque
482 973 524 1006 ad
551 984 654 1006 mare.
707 972 815 1005 Dedit
842 972 947 1004 etiam
968 969 1156 1003 Ecclesiam
1175 970 1218 1002 ab
1238 969 1373 1009 Ellone,
1400 981 1491 1004 anno
1518 972 1613 1015 regni

175 1044 222 1077 sui
242 1050 374 1088 quarto,
392 1045 456 1078 hoc
476 1043 525 1077 est
545 1048 646 1080 1310,
665 1043 726 1077 sub
745 1043 914 1087 Episcopo
934 1041 1173 1075 Aberdonensi
1194 1042 1347 1076 Henrico
1367 1043 1507 1076 Chiene.

315 1199 492 1231 DomNus
831 1224 838 1236 ‚
858 1198 983 1231 ABBAS
1002 1210 1021 1230 A
1042 1198 1197 1231 KYNLos
1217 1198 1476 1235 DUODECIMUS,

651 1270 749 1303 Obiit
768 1270 874 1302 Anno
894 1270 1034 1302 Domini

322 1462 495 1494 DOMINUS
514 1462 627 1494 ADAM
967 1488 974 1500 ,
995 1462 1118 1495 AssBAs
1137 1474 1157 1495 A
1177 1462 1333 1496 KYNLos
1351 1463 1470 1503 XIII„

649 1533 748 1567 Obiit
766 1533 871 1566 Anno
891 1533 1033 1567 Domini

226 1636 407 1669 proditum
437 1634 488 1669 est
512 1637 699 1669 memoriae
729 1636 821 1668 hune
847 1633 944 1668 fuisse
970 1647 1013 1669 ex
1040 1635 1187 1670 claustro
1217 1650 1237 1671 a
1266 1638 1351 1671 Deir
1375 1638 1548 1677 selectum,
1576 1645 1614 1672 ut

178 1707 341 1752 praeesset
368 1707 581 1741 Monasterio
605 1720 624 1741 a
642 1708 798 1752 Kynlos:
831 1709 988 1751 quamvis
1014 1720 1082 1741 non
1108 1710 1214 1753 probe
1240 1709 1365 1743 sciatur
1391 1716 1516 1754 quotus
1543 1713 1615 1745 fue-

178 1783 231 1814 rit,
284 1781 359 1814 Nos
391 1786 509 1814 tamen
540 1782 735 1825 conjectura
769 1782 916 1824 quadan]
947 1782 981 1813 in
1012 1782 1102 1814 hune
1135 1782 1249 1815 locum
1280 1783 1470 1826 rejecimus,
1503 1785 1614 1827 quoad

178 1854 301 1887 melius
319 1853 490 1887 succedat.

275 2008 452 2042 DOMINUS
470 2009 691 2042 Rmmmms
1021 2035 1028 2044 ,
1049 2008 1172 2041 ABBAS
1190 2020 1211 2041 A
1230 2009 1385 2043 KYNLos
1404 2010 1519 2050 XIV„

641 2080 739 2114 Obiit
758 2080 863 2113 Anno
883 2080 1025 2113 Domini
1048 2084 1147 2117 1371.

229 2213 322 2246 Pene
348 2212 410 2245 sub
436 2213 575 2246 initium
605 2213 707 2256 hujus
726 2213 884 2251 Abbatis,
906 2212 1076 2246 Dominus
1104 2212 1302 2248 Gulielmus
1321 2214 1446 2249 Comes
1473 2216 1617 2250 Suthcr-

181 2285 314 2318 landiae
333 2285 482 2318 contulit
502 2283 713 2319 Monasterio
732 2286 774 2318 de
794 2285 930 2329 Kynlos
949 2284 1131 2329 Hospitale
1151 2286 1186 2320 S.
1206 2287 1227 2320 J
1231 2289 1352 2321 oannis
1371 2286 1547 2332 Baptistae
1574 2290 1615 2321 de

885 2368 906 2390 D
