1861 2786
605 254 928 289 MONASTERII
954 255 989 288 A
1017 254 1236 289 KYNLOS.
1597 260 1637 289 13

203 502 244 534 ΙΝ
265 501 476 534 H1s‘r0R1AM
495 500 733 534 MoNAsm-:Rn
761 511 781 533 A
800 500 966 540 KYNLOS,
984 501 1144 534 JOANNIS
1163 500 1348 534 FERRERII
1367 501 1641 535 PEDEMONTANI

767 583 979 613 PRAEFATIO,
999 583 1075 606 ETC.

250 718 484 752 KYNLUSCHE
502 718 595 757 olim,
614 719 723 752 veluti
742 720 938 763 accepimus
963 730 984 751 a
1008 718 1148 763 linguae
1174 717 1397 762 Hybernicae
1422 717 1639 762 peritiffimis,

203 793 296 825 locus
314 792 381 824 fuit
398 791 521 835 planus
545 796 581 824 et
600 791 785 824 herbarum
803 792 901 835 copia
917 788 1164 829 refertissimus,
1192 802 1294 834 quem
1320 789 1415 835 sylva
1440 790 1641 830 denfiffima,

200 870 240 896 ut
257 864 364 897 etiam
381 874 425 896 ex
442 861 521 906 ipfis
539 861 690 907 vestigiis
707 861 888 895 manifeste
907 863 1065 901 vidimus,
1092 862 1365 906 quaquaversum
1391 864 1642 908 complecteba—

200 942 266 969 tur.
318 935 413 969 Hinc
431 935 559 969 factum
580 935 631 968 illi
657 945 785 968 nomen
811 939 938 978 putant
964 933 1124 967 scoticae
1145 934 1285 979 linguae
1310 935 1518 979 interpretes
1544 936 1643 980 Kyn-

201 1007 337 1041 lusche:
363 1005 457 1051 quafi
475 1008 615 1046 diceres,
640 1006 755 1051 Caput
780 1006 975 1040 herbarum.
1026 1006 1083 1040 Ita
1108 1018 1169 1050 per
1193 1005 1313 1040 filvam
1338 1009 1642 1051 praetereuntibus

199 1082 373 1114 arridebat
389 1091 531 1124 campus
558 1080 618 1113 ille
642 1081 840 1124 gramineus
866 1084 901 1112 et
928 1079 1142 1118 florulentus,
1169 1084 1208 1112 ut
1234 1080 1315 1112 inde
1332 1087 1469 1114 'nomen
1495 1092 1563 1114 non
1590 1083 1642 1115 in-

201 1152 383 1187 venustum
401 1153 628 1186 adinvenerit.
679 1152 749 1186 Sed
766 1150 903 1196 postera
920 1157 1014 1186 aetas
1032 1152 1135 1195 paulo
1149 1152 1381 1197 negligentior
1398 1153 1441 1186 ad
1460 1152 1641 1187 vetustatis

201 1226 403 1259 memoriam
428 1225 656 1264 retinendam,
683 1230 720 1258 et
749 1226 955 1258 idiomatum
981 1225 1178 1268 corruptela
1207 1236 1269 1268 per
1294 1224 1508 1269 Anglicanas
1533 1227 1642 1270 irrup-

201 1300 315 1332 tiones
339 1298 544 1336 introdu&a,
562 1297 629 1331 loci
648 1297 857 1331 vocabulum
883 1298 1049 1331 invertit:
1076 1309 1115 1331 ac
1134 1308 1194 1341 pro
1214 1297 1426 1341 Kynlusche,
1445 1299 1573 1332 fafitum
1591 1298 1641 1332 est

200 1381 327 1404 nomen
346 1369 483 1415 Kynlos
501 1373 662 1414 corrupte
680 1380 741 1413 pro
760 1369 964 1414 Kynlusche
983 1370 1082 1408 forte,
1101 1369 1135 1402 id
1154 1367 1212 1408 est,
1227 1369 1343 1413 Caput
1360 1370 1497 1404 herbae.
1549 1371 1640 1405 Sunt

200 1444 257 1487 qui
277 1448 313 1476 et
331 1442 457 1476 Kilflos
485 1443 611 1481 dicant,
630 1440 687 1475 sed
713 1443 832 1486 inepte
859 1443 965 1475 etiam
992 1454 1013 1475 a
1028 1440 1142 1475 nescio
1160 1454 1229 1485 qua
1246 1454 1331 1476 voce
1350 1442 1561 1487 Hybernica,
1580 1456 1641 1489 per

199 1527 302 1559 quam
320 1520 446 1559 putant
471 1515 565 1548 hunc
592 1514 707 1548 locum
734 1512 912 1558 designari,
931 1519 967 1547 et
993 1515 1201 1548 tantundem
1220 1515 1344 1555 valere,
1372 1527 1411 1549 ac
1430 1514 1454 1548 fi
1472 1518 1547 1560 quis
1566 1518 1640 1551 dix-

199 1590 273 1627 erit,
293 1585 483 1621 Ecclesiam
500 1587 634 1620 florum.
685 1586 760 1631 Ego
774 1598 865 1626 vero,
884 1588 1040 1630 quamvis
1057 1598 1127 1620 non
1145 1588 1300 1632 ignorem
1318 1588 1430 1622 multa
1447 1587 1512 1622 effe
1530 1589 1641 1623 vetus*

199 1662 281 1694 tatis
303 1664 531 1693 monumenta
556 1659 662 1693 nullis
687 1670 841 1703 unquam
866 1670 928 1703 per
954 1657 1106 1702 posteros
1132 1660 1336 1703 conjecturis
1362 1662 1552 1701 enodanda,
1570 1675 1638 1696 non

200 1739 319 1766 tamen
336 1744 456 1766 vereor
472 1732 524 1765 illi
540 1731 734 1765 sententiae
751 1730 969 1769 subscribere,
989 1742 1077 1774 quae
1095 1732 1233 1775 propius
1251 1733 1385 1766 ratione
1402 1733 1517 1777 aliqua
1534 1734 1637 1779 ipsam

199 1806 446 1849 antiquitatem
464 1805 626 1849 effingere
643 1802 735 1847 posse
752 1804 919 1837 videatur.
971 1803 1026 1837 Ac
1044 1804 1222 1847 probabile
1240 1803 1299 1842 est,
1318 1805 1427 1838 veluti
1446 1818 1465 1838 e
1482 1808 1640 1850 proxima

199 1874 445 1922 significatione
463 1878 505 1910 de
523 1877 664 1910 nomine
678 1874 905 1909 vetustiffimo
919 1875 1131 1920 Kynlusehe,
1146 1876 1210 1909 hoc
1229 1874 1288 1915 est,
1301 1876 1425 1921 Capite
1442 1878 1636 1918 herbarum,

201 1951 333 1994 Regem
352 1949 467 1983 David
483 1949 586 1992 hujus
611 1948 678 1982 loci
704 1949 924 1982 fundatorem
950 1952 1106 1992 etymum
1132 1946 1304 1982 deflexisse
1322 1949 1576 1993 aliquantulum
1602 1959 1638 1986 et

199 2020 318 2056 dixisse
336 2020 527 2060 Killusche,
550 2025 590 2054 ut
618 2032 697 2054 cum
723 2031 813 2053 nova
838 2018 1017 2059 structura,
1042 2019 1197 2065 surgeret
1223 2025 1259 2054 et
1284 2033 1414 2055 novum
1441 2023 1638 2058 monasterii

200 2105 338 2133 nomen,
356 2094 421 2127 hoc
439 2092 490 2126 est
508 2091 660 2126 Ecclesia
677 2093 872 2126 herbarum.
924 2093 982 2126 Sic
1008 2104 1072 2125 nec
1089 2092 1224 2137 prorsus
1242 2092 1395 2128 ammiffa
1412 2106 1476 2129 nec
1498 2098 1638 2130 omuino

200 2172 337 2200 retenta
354 2171 454 2199 vetus
472 2165 692 2209 etymologia,
711 2166 760 2198 ita
776 2163 846 2198 sese
864 2166 991 2210 ingerit
1009 2166 1061 2198 his
1079 2167 1137 2209 qui
1156 2166 1284 2200 callent
1301 2167 1497 2211 hybernice‚
1516 2175 1556 2203 ut
1573 2170 1637 2203 hoc

199 2239 307 2272 solum
327 2249 446 2271 verum
473 2235 538 2271 effe
564 2238 743 2277 credatur;
769 2237 889 2271 multis
915 2236 1160 2272 attestantibus
1178 2240 1269 2283 quod
1295 2240 1331 2272 in
1349 2243 1636 2276 commentarium

198 2312 388 2344 mittimus:
415 2315 552 2344 caetera
569 2315 687 2344 autem
705 2311 748 2344 ab
764 2311 981 2355 ignoratione
994 2311 1132 2344 initium
1148 2310 1320 2356 accepisse,
1333 2317 1369 2346 et
1383 2316 1638 2349 contemnenda
