1861 2786
229 265 270 294 49
682 259 918 294 HISTORIA
947 259 1194 292 ABBATUM

577 408 745 442 JOANNES
764 409 978 442 memzms
997 408 1310 442 PEDEMONTANUS.

278 499 382 531 Nunc
400 498 442 530 de
459 498 557 530 nobis
582 498 729 541 paucula
754 499 916 537 dicamus,
944 499 1235 541 quemadmodum
1260 498 1454 541 recepimus
1480 508 1541 529 nos
1559 496 1661 540 paulo

229 576 309 604 ante
328 571 475 603 facturos
502 570 592 613 apud
610 575 752 614 gentem
770 571 934 614 ignotam,
959 570 1119 613 exemplo
1138 569 1335 602 Hieronimi
1353 573 1388 602 et
1407 569 1552 602 aliorum
1570 568 1664 602 illus-

227 644 332 675 trium
350 641 564 685 scriptorum,
584 643 641 684 qui
656 640 732 674 suas
750 642 855 674 etiam
874 643 962 674 vitas
976 641 1085 674 literis
1100 639 1351 686 consignarunt,
1366 653 1435 674 non
1455 642 1497 674 ad
1515 640 1664 674 ostenta-

229 716 370 753 tionem,
388 713 445 746 sed
464 718 502 746 ut
520 715 554 746 in
574 714 772 757 cognitione
790 712 950 747 historiae
967 712 1160 757 posteritati
1187 712 1403 747 consulerent
1419 725 1426 752 ;
1453 714 1502 746 ita
1519 713 1663 746 AEneam

229 785 340 820 sevisse
359 786 504 830 legimus
523 786 613 829 apud
633 786 832 830 Virgilium,
851 797 929 819 cum
949 787 991 819 de
1009 785 1042 819 se
1060 787 1095 818 in
1113 786 1205 818 hune
1223 787 1364 819 modum
1384 785 1546 829 loquitur.

424 858 509 891 Sum
528 859 605 902 pius
623 858 749 891 AEneas
768 859 873 891 visstos
891 860 948 902 qui
967 869 1010 891 ex
1029 856 1124 891 hoste
1144 858 1293 891 Penates

420 928 529 963 Class'e
548 931 635 963 veho
653 942 799 964 mecum.

280 1003 411 1046 Itaque,
440 1000 543 1045 siquis
568 1003 658 1035 forte
692 1003 843 1045 requirat
876 1004 1023 1046 patriam
1058 1002 1217 1041 nostram,
1251 1003 1355 1036 velim
1390 1002 1563 1047 intelligat
1598 1000 1665 1035 effe

230 1074 379 1112 Italiam,
407 1086 449 1107 ex
467 1072 617 1117 Augusti
644 1072 795 1107 Caesaris
822 1074 1058 1117 descriptione,
1085 1076 1143 1118 qui
1169 1074 1275 1118 usque
1301 1076 1343 1108 ad
1362 1074 1506 1118 Alpium
1534 1075 1664 1107 radices

232 1146 368 1179 Italiam
384 1144 592 1190 defignavit3
612 1144 661 1178 fin
676 1146 800 1178 Italiae
818 1151 952 1189 partem
970 1147 1087 1190 cupiat
1105 1146 1287 1190 agnoscere
1306 1145 1480 1189 quispiam,
1498 1145 1581 1179 sciat
1600 1145 1665 1178 esse

235 1218 433 1256 lnl'nbriain,
460 1229 547 1261 quae
573 1222 608 1251 et
635 1217 750 1251 Gallia
775 1222 911 1251 comata
936 1218 1019 1251 olim
1045 1219 1135 1251 dicta
1160 1217 1219 1251 est.
1271 1218 1326 1251 Ac
1352 1220 1388 1251 in
1407 1218 1564 1251 Insubria
1589 1229 1665 1251 eam

231 1295 363 1333 partem
383 1295 542 1323 tenemus¹
564 1302 666 1333 quam
684 1291 786 1323 hodie
803 1290 1094 1333 pedemontanam
1112 1291 1288 1334 regionem
1307 1291 1437 1323 dicunt.
1488 1289 1665 1334 Oppidum

231 1367 348 1394 autem
367 1361 416 1395 est
435 1363 469 1394 in
488 1362 716 1395 Pedemontio
743 1362 835 1405 quod
852 1361 910 1394 suo
928 1363 1068 1395 nomine
1087 1362 1251 1395 Cherium
1271 1367 1404 1400 vocant,
1423 1360 1665 1405 ampliffimum

232 1439 266 1466 et
285 1434 463 1466 hominum
481 1434 676 1477 frequentia
693 1438 728 1466 et
746 1434 939 1466 aedificium
965 1432 1134 1466 structura
1151 1438 1185 1466 et
1205 1434 1401 1467 divitiarum
1429 1434 1547 1477 copia:
1574 1434 1666 1466 unde

231 1506 377 1548 majoros
400 1504 505 1538 nostri
531 1506 699 1549 originem
725 1510 872 1538 traxere.
924 1505 1086 1538 Proxime
1114 1506 1156 1538 ad
1183 1506 1347 1549 oppidum
1377 1506 1492 1538 Cherii
1519 1505 1666 1538 seeundo

232 1578 344 1621 lapide
368 1575 417 1610 est
445 1578 537 1611 aliud
564 1578 727 1621 oppidum
753 1578 867 1610 minus
889 1578 979 1620 quod
1005 1577 1064 1610 suo
1082 1578 1221 1610 nomine
1240 1577 1354 1621 Rippa
1379 1589 1484 1621 prope
1502 1577 1665 1611 Cherium

233 1650 405 1682 vocitatur
422 1650 458 1682 in
477 1660 543 1692 quo
569 1649 683 1682 lucem
709 1649 896 1682 aetheriam
922 1650 1071 1693 primum
1097 1648 1275 1682 nascentes
1294 1650 1441 1682 vidimus
1459 1648 1519 1682 sub
1537 1661 1666 1682 annum

235 1721 374 1753 Domini
414 1724 512 1760 1509,
556 1720 688 1754 calculo
729 1731 879 1759 romano,
922 1722 956 1753 in
1001 1719 1086 1753 festo
1129 1721 1332 1754 Dominicae
1367 1721 1665 1754 Annuntiationis.

235 1793 401 1825 Parentes
428 1793 611 1825 habuimus
642 1803 685 1825 ex
714 1793 822 1824 reteri
851 1797 886 1824 et
913 1793 1090 1825 nominata
1117 1791 1196 1825 satis
1224 1792 1354 1826 familia
1384 1804 1444 1836 per
1474 1792 1664 1826 universam

235 1863 426 1896 Insubriam
450 1876 518 1896 non
546 1864 828 1897 contemnendos.
879 1863 1054 1907 Imprimis
1082 1864 1278 1898 Martinum
1309 1865 1502 1898 Ferrerium
1532 1871 1666 1908 patrem

235 1940 269 1967 et
296 1935 517 1968 Catharinam
544 1935 715 1969 Finellam
741 1940 898 1968 matrem.
950 1935 1047 1968 Avus
1073 1948 1170 1969 meus
1195 1948 1237 1969 ex
1256 1941 1352 1980 patre
1378 1938 1444 1969 fuit
1471 1937 1666 1971 Gulielmus

236 2007 263 2038 F
266 2008 419 2045 error-ius,
438 2009 489 2040 vir
514 2007 698 2041 consularis
722 2012 758 2040 et
783 2008 918 2051 probus,
946 2009 1003 2051 qui
1021 2020 1128 2041 annos
1149 2012 1214 2042 103
1242 2010 1340 2041 vixit.
1392 2009 1544 2042 Proavus
1570 2022 1666 2043 meus

237 2090 279 2111 ex
306 2084 402 2122 patre
428 2080 494 2112 fuit
513 2080 697 2119 Martinus,
720 2081 775 2113 avi
793 2080 958 2113 Gulielmi
976 2085 1083 2124 pater,
1102 2082 1137 2113 in
1155 2093 1191 2114 re
1209 2081 1349 2114 militari
1367 2079 1524 2114 strenuus
1543 2083 1612 2115 dux
1632 2088 1666 2116 et

238 2149 452 2184 conestaulus
471 2150 587 2194 (quem
605 2153 742 2195 vocant)
767 2153 933 2196 egregius.
984 2152 1127 2185 Abavus
1153 2157 1270 2186 autem
1296 2165 1394 2186 inens
1418 2165 1460 2186 ex
1478 2158 1576 2197 patre
1602 2155 1667 2187 fuit

236 2222 384 2256 Thomas
416 2223 598 2261 Feri-erius,
628 2223 774 2256 Martini
799 2225 917 2267 proavi
947 2228 1054 2267 pater,
1082 2225 1170 2267 juris
1199 2225 1376 2268 utriusque
1406 2226 1522 2258 doctor
1552 2230 1587 2258 et
1617 2227 1668 2258 vir

240 2293 432 2328 eonsularis.
494 2295 562 2328 Sed
591 2295 675 2328 haec
709 2295 743 2327 in
778 2294 947 2338 presentia
981 2296 1023 2328 de
1057 2308 1183 2340 genere
1223 2295 1336 2330 nostro
1364 2297 1452 2330 satis.
1517 2297 1667 2330 Primam
