1861 2786
218 287 260 316 So
674 280 913 314 HISTORIA
941 279 1142 313 ABBATU
1149 280 1189 312 M

216 389 334 420 parum
364 377 462 420 frugi,
490 380 525 408 et
552 376 586 407 in
614 375 757 419 Regem,
785 379 824 407 ut
850 375 977 413 ferunt,
1004 375 1202 408 clanculum
1229 373 1414 408 seditiones
1442 376 1654 415 molientem,

215 450 350 492 propria
368 448 537 491 dignitate
556 448 654 479 exuit
673 448 856 490 coegitque
874 447 909 479 in
927 445 1172 480 monasterium
1191 458 1211 479 a
1228 446 1343 490 Cupro
1362 449 1518 491 migrare.

265 520 305 551 In
324 520 501 552 literarum
526 517 646 551 studiis
673 519 835 561 quoniam
854 518 904 551 illi
923 530 992 551 non
1011 519 1110 551 licuit
1128 522 1168 551 ut
1186 517 1286 562 supra
1304 508 1489 552 docuimus
1502 531 1522 552 a
1539 520 1656 552 multi-

215 593 335 624 tudine
354 596 389 624 et
407 591 509 624 turba
534 591 755 635 negociorum
776 590 909 629 versari,
929 591 1092 634 quicquid
1118 592 1251 634 accepit
1276 592 1392 624 damni
1410 592 1445 624 in
1464 603 1533 624 uno
1551 597 1655 635 atque

215 664 323 696 altero
342 663 590 696 monachorum
616 661 738 695 sarcire
764 663 908 696 curavit.
959 662 1002 695 In
1021 663 1139 706 primis
1164 664 1344 696 dominum
1362 663 1533 697 Jacobum
1553 663 1654 702 Pont,

215 734 401 768 studiosum
428 739 551 778 utpote
576 735 763 773 hominem,
791 734 1009 768 Aberdonias
1028 735 1063 767 in
1082 735 1226 767 fratrum
1252 735 1528 778 praedicatorum
1552 735 1655 768 colle-

214 809 310 851 gium
345 807 562 840 formandum
594 805 768 849 literisque
803 807 1028 839 divinioribus
1062 807 1288 839 imbuendum
1323 806 1518 847 transmisit.
1570 807 1655 840 Erat

216 885 291 912 tuln
310 880 475 922 temporis
489 880 523 911 in
539 890 580 911 eo
595 879 669 912 loco
689 879 739 911 vir
756 880 832 922 pius
851 879 957 911 frater
974 878 995 911 J
999 890 1128 911 oannes
1142 878 1281 917 Adami,
1301 880 1508 912 dominicani
1527 880 1655 912 ordinis

217 953 250 984 in
271 952 390 984 Scotia
415 952 542 995 primas
561 956 596 983 et
624 951 819 994 theologiae
846 948 1065 983 scholasticae
1092 951 1210 983 doaor
1227 950 1377 995 insignis,
1404 952 1502 984 cuius
1520 952 1657 984 auditor

217 1034 432 1066 nequaquam
459 1024 598 1066 ineptus
624 1023 690 1055 fuit
717 1023 875 1054 dominus
901 1021 1063 1055 Jacobus.
1116 1021 1185 1055 Ubi
1212 1021 1393 1066 accepisset
1423 1023 1527 1055 abbas
1557 1023 1655 1055 illum

216 1095 389 1138 proficere,
408 1105 477 1127 non
496 1094 607 1126 multo
625 1092 700 1137 post
718 1093 866 1126 alterum
892 1091 1048 1126 similiter
1073 1094 1281 1126 monachum
1300 1095 1342 1126 ad
1361 1094 1478 1127 literas
1504 1093 1657 1138 apposite

216 1171 337 1198 natum
356 1167 411 1199 cui
429 1177 557 1198 nomen
575 1164 625 1198 est
644 1166 782 1197 domino
802 1165 962 1197 lValtero
981 1164 1136 1203 Hethon,
1156 1166 1276 1198 eadem
1295 1177 1377 1198 cura
1393 1164 1655 1205 instituendum,

217 1250 256 1271 eo
272 1237 463 1270 destinavit.
509 1235 694 1280 Postquam
709 1237 877 1280 comperit
891 1237 995 1270 abbas
1009 1242 1186 1279 utcunque
1198 1238 1233 1269 in
1248 1237 1315 1269 illis
1328 1237 1437 1270 literis
1451 1236 1658 1271 sufficienter

216 1308 426 1353 promovisse,
446 1314 485 1342 ut
505 1310 578 1352 jam
597 1307 703 1352 posset
723 1314 869 1351 uterque
893 1309 983 1341 domi
1004 1306 1173 1341 studendo
1192 1313 1227 1342 et
1246 1309 1401 1342 docendo
1418 1321 1479 1353 per
1496 1309 1530 1343 se
1546 1312 1657 1354 gravi-

218 1394 273 1415 ora
289 1383 398 1415 indies
413 1380 627 1426 cognoscere,
642 1381 684 1414 ad
699 1379 943 1414 monasterium
959 1381 1077 1414 ambos
1091 1382 1275 1414 revocavit.
1320 1381 1491 1415 Dominus
1505 1382 1527 1415 J
1531 1383 1656 1416 acobus

218 1454 369 1492 subinde,
401 1454 532 1496 aliquot
558 1465 602 1486 ex
626 1453 823 1496 junioribus
854 1453 1015 1485 fratribus
1045 1453 1138 1485 domi
1166 1454 1200 1485 in
1228 1453 1383 1486 diatribis
1413 1465 1482 1486 non
1508 1454 1658 1499 segniter

218 1524 424 1558 scholasticis
451 1526 628 1563 exerouit3
664 1526 803 1557 domino
829 1530 947 1557 autem
975 1524 1023 1556 W
1026 1524 1135 1557 altero
1162 1522 1257 1557 cessit
1285 1527 1433 1558 cantoris
1461 1527 1554 1559 chori
1582 1538 1659 1570 pro-

220 1599 330 1630 vincia
354 1609 456 1640 quam
475 1599 580 1630 etiam
599 1595 712 1629 nostro
731 1601 886 1639 tempore
904 1597 1042 1628 retinet.
1095 1596 1254 1639 Uterque
1273 1597 1392 1635 bonus,
1411 1602 1447 1630 et
1465 1596 1657 1631 nostrorum

220 1667 294 1709 (nisl
313 1669 402 1702 fallit
421 1670 550 1713 opinio)
569 1667 759 1701 studiorum
778 1679 846 1700 non
866 1669 1002 1701 fucatus
1020 1668 1216 1700 admirator.

267 1741 336 1773 Sed
360 1743 433 1785 jam
459 1742 502 1774 ad
529 1742 705 1773 dominum
733 1740 894 1773 abbatem
921 1751 1068 1782 aequum
1102 1738 1151 1772 est
1181 1751 1242 1773 nos
1273 1741 1393 1774 redire.
1446 1741 1488 1774 In
1518 1743 1657 1785 pietatis

220 1813 337 1846 officiis
364 1824 580 1856 nequaquam
605 1811 717 1856 segnis
742 1812 829 1849 fuit;
856 1811 954 1854 saepe
982 1810 1233 1854 eleemosynam
1260 1813 1497 1846 dominicanae
1515 1818 1550 1846 et
1569 1815 1658 1847 fran-

221 1885 372 1918 ciscanae
390 1885 540 1918 familiae
558 1885 720 1917 fratribus
739 1881 969 1916 liberaliffime
987 1885 1151 1927 erogavit.
1202 1883 1256 1917 Ac
1280 1884 1390 1917 multo
1414 1885 1603 1929 benignior,
1622 1887 1657 1918 in

221 1957 351 1989 summe
369 1955 585 1989 calamitosos
603 1960 638 1988 et
656 1955 795 1988 infimae
813 1953 912 1987 sortis
930 1955 1096 1987 homines.

272 2028 313 2060 In
332 2033 474 2072 agnatos
492 2033 527 2060 et
545 2027 673 2065 affines,
692 2038 777 2069 quos
799 2027 919 2059 habuit
946 2027 1094 2070 frugales
1121 2024 1219 2059 simul
1246 2032 1281 2060 et
1307 2028 1424 2066 bonos,
1443 2029 1528 2061 adeo
1546 2032 1658 2062 muni-

222 2102 306 2133 ficus
333 2100 408 2137 fuit,
435 2104 474 2132 ut
500 2110 580 2132 cum
606 2109 807 2142 magnorum
834 2097 1099 2131 sacerdotiorum
1127 2097 1290 2142 episcopis
1320 2111 1389 2132 non
1421 2101 1537 2143 inique
1567 2112 1658 2133 com-

223 2173 331 2216 parari
359 2178 471 2214 queat.
523 2168 739 2203 Potissimum
767 2171 801 2202 in
828 2170 1035 2203 collocandis
1062 2172 1186 2214 nuptui
1212 2172 1401 2215 virginibus
1419 2177 1458 2204 ut
1480 2171 1656 2206 honestam

224 2256 302 2278 eum
321 2243 492 2277 nobilibus
507 2243 585 2275 viris
604 2240 830 2285 transigerent
849 2242 966 2280 vitam,
994 2240 1234 2291 impensissime
1261 2241 1393 2286 semper
1414 2243 1591 2283 laboravit,
1617 2257 1657 2278 ac

226 2318 340 2349 onmia
358 2312 546 2349 feliciffima
564 2313 739 2357 transegit.
