1861 2786
607 244 927 279 MONASTERII
953 244 987 278 A
1016 243 1233 279 KYNLOS.
1601 248 1644 281 47

198 341 267 374 bris
305 343 396 376 1537
430 338 536 383 usque
570 340 613 372 ad
638 339 803 373 ultimum
838 340 984 380 Martii;
1015 352 1055 374 ac
1082 341 1202 374 Idibus
1233 340 1365 379 Martii,
1397 341 1432 372 in
1463 338 1595 383 templo
1625 352 1645 372 a

197 411 372 457 Kynloss‘e,
400 412 434 445 se
458 411 661 446 sanctissimo
687 424 828 456 corpore
853 417 889 446 et
915 412 1080 457 sanguine
1106 413 1249 446 Domini
1278 411 1383 446 nostri
1409 411 1492 445 ι10111
1518 410 1644 445 Christi

196 486 365 524 munivit;
408 482 565 518 suniliter
582 484 632 518 est
650 485 727 518 oleo
753 485 968 518 infirmorum
988 490 1024 518 et
1042 485 1166 524 sancto,
1194 486 1298 518 tertio
1324 484 1485 518 calendas
1511 483 1643 528 Aprilis

196 557 372 590 delibutus
386 568 394 596 ;
420 556 555 601 postera
572 569 653 591 vero
672 557 750 591 lucc
767 559 929 601 migravit
946 558 989 591 ad
1008 557 1209 591 Dominum.

244 629 323 663 Hoc
341 641 431 664 anno
453 633 542 663 1538
562 631 720 663 extruxit
738 628 976 675 ampliss'unam
996 630 1243 664 bibliothecam
1267 629 1498 664 testudinibus
1525 635 1643 663 tamen

195 703 368 735 munitam
402 707 523 736 contra
557 703 682 747 ignem,
719 703 777 735 ubi
812 704 962 747 primum
996 703 1110 736 fuerat
1140 703 1455 736 deambulatorium
1489 702 1642 735 Thomae

196 773 366 819 Chry-stall
392 776 549 808 abbatis:
576 787 615 809 ac
642 776 813 819 templum
839 788 859 808 a
884 775 1021 820 Kynlos
1038 787 1100 819 per
1118 787 1238 809 omnes
1264 775 1339 809 suas
1363 780 1478 819 partes
1499 775 1642 819 plumbo

195 848 360 891 contegit.
411 847 542 880 Contra
559 848 737 880 dominum
757 860 777 881 a
795 847 962 892 Fynlater
978 848 1118 880 nomine
1145 847 1334 892 Ogylvium
1358 848 1420 881 lite
1438 859 1542 891 quam
1560 852 1642 880 ante

195 930 302 952 annos
320 918 499 964 sexaginta
517 924 680 964 ceperant
710 920 853 953 abbates
879 932 899 953 a
925 919 1062 964 Kynlos
1088 920 1131 952 de
1157 920 1305 963 quodam
1332 931 1414 964 agro
1439 921 1475 952 in
1502 920 1643 952 baronia

196 991 350 1036 Strahily
376 1004 485 1036 nuper
502 993 595 1026 vicit.
648 992 738 1026 Cum
763 994 968 1026 vicecomite
987 992 1167 1025 Moraviae
1185 1004 1278 1026 nunc
1296 993 1414 1026 abbati
1440 1004 1494 1025 res
1521 990 1572 1025 est
1599 993 1641 1025 de

194 1064 387 1097 salmonum
401 1064 656 1108 piscationibus,
675 1070 710 1098 et
726 1067 901 1099 victoriam
916 1067 951 1099 in
966 1077 1002 1099 rc
1016 1066 1152 1109 propria
1166 1070 1201 1098 et
1216 1076 1325 1109 aequa
1333 1066 1477 1109 jamjam
1490 1062 1642 1109 praesto-

196 1136 296 1170 latur.
333 1136 490 1181 Suscepit
509 1138 543 1170 in
559 1138 805 1171 monachatum
820 1138 905 1171 duos
917 1138 1076 1181 juvenes,
1095 1149 1185 1171 anno
1207 1141 1296 1171 1538
1312 1149 1421 1171 unum
1440 1139 1495 1171 cui
1513 1148 1641 1170 nomen

196 1208 245 1242 est
276 1210 406 1242 domini
434 1210 577 1243 Davidis
610 1210 758 1248 Laurok,
787 1216 822 1243 et
848 1211 997 1244 alterum
1028 1212 1083 1244 cui
1107 1211 1238 1243 domini
1265 1210 1506 1243 Archimbaldi
1534 1209 1637 1242 Bradi

198 1285 299 1321 1539,
324 1283 443 1315 ambos
460 1284 496 1315 in
523 1283 631 1316 Maio.
659 1283 763 1316 Anno
785 1286 885 1322 1538,
913 1284 1004 1316 idem
1031 1284 1191 1316 dominus
1218 1283 1393 1316 Robertus
1420 1283 1509 1316 Reid
1535 1282 1640 1315 abbas

195 1355 400 1398 particulam
431 1356 604 1398 quandam
636 1360 804 1389 terrarum
831 1357 866 1389 in
895 1355 1049 1400 Strahily
1079 1367 1182 1399 quam
1210 1356 1402 1399 occupabat
1437 1354 1640 1388 Alexander

196 1426 365 1471 Ogylvius
383 1439 403 1460 a
417 1427 583 1471 Fynlater
593 1428 668 1471 jam
682 1432 764 1460 ante
777 1427 906 1460 multos
918 1439 1035 1467 annos,
1055 1426 1130 1471 post
1144 1429 1253 1461 varias
1266 1428 1354 1471 juris
1372 1426 1639 1471 disceptationes

195 1510 310 1532 coram
337 1500 485 1532 dominis
516 1499 736 1543 parliamenti
763 1504 799 1533 et
826 1499 932 1544 Rege,
961 1501 1100 1533 tandem
1128 1501 1355 1544 recuperavit.
1403 1500 1541 1533 Deinde
1559 1510 1637 1532 cuni

195 1572 397 1605 Alexandro
411 1571 569 1605 Dumbar
580 1573 784 1605 vicecomite
800 1572 980 1606 Moraviae
995 1577 1030 1606 et
1046 1571 1251 1606 Forenfibus
1264 1573 1306 1606 de
1320 1574 1417 1616 aquis
1432 1584 1452 1606 a
1466 1572 1639 1605 Finderne

195 1645 243 1677 ita
262 1645 332 1689 egit
351 1649 390 1677 ut
408 1649 556 1687 quatuor
581 1656 688 1678 annos
715 1649 807 1677 totos
826 1643 887 1678 fibi
906 1649 941 1678 et
959 1644 1166 1678 monasterio
1192 1643 1409 1689 acquisiverit
1434 1644 1639 1688 piscationes

195 1718 239 1749 ob
273 1722 387 1750 errata
419 1716 557 1749 illorum
591 1716 751 1750 adversus
785 1715 987 1750 servitutem
1013 1729 1116 1761 quam
1143 1718 1318 1751 debebant
1352 1715 1569 1755 monasterio,
1600 1728 1638 1749 ac

195 1788 367 1833 postremo
386 1790 471 1827 illos,
491 1794 530 1822 ut
548 1790 646 1822 novis
664 1789 920 1823 conditionibus
938 1790 1082 1823 feudum
1096 1788 1324 1833 piscationum
1342 1801 1362 1823 a
1379 1789 1412 1823 se
1431 1790 1636 1833 acciperent,

195 1862 327 1895 summo
341 1867 377 1895 et
391 1863 483 1895 recto
495 1863 574 1905 jure
588 1863 713 1906 coegit.
753 1861 887 1895 Eodem
901 1874 1038 1905 quoque
1053 1867 1210 1906 tempore
1225 1862 1442 1896 Gulielmum
1458 1862 1637 1905 Urquhart

196 1935 452 1978 periclitantem
483 1936 519 1967 in
544 1935 740 1968 hereditate
766 1934 825 1968 sua
850 1946 912 1978 per
937 1935 1086 1968 eundem
1114 1936 1355 1968 vicecomitem
1379 1934 1560 1968 Moraviae
1590 1936 1638 1968 ita

190 2008 293 2050 juvit,
312 2012 351 2040 ut
370 2005 411 2040 fit
430 2009 622 2041 vicecomes
640 2006 700 2041 sua
714 2008 875 2051 opinione
894 2006 1085 2047 frustratus,
1105 2012 1141 2041 et
1156 2008 1353 2041 Gulielmus
1370 2007 1429 2041 suo
1441 2008 1531 2051 jure,
1550 2019 1639 2040 nova

196 2080 344 2122 quadam
362 2091 423 2123 per
440 2081 550 2124 regias
567 2079 686 2113 literas
703 2078 824 2118 sazina,
851 2080 886 2112 in
912 2064 1088 2124 integrum
1112 2078 1302 2113 restitutus.
1355 2080 1496 2113 Interea
1517 2081 1552 2113 in
1579 2079 1637 2113 suo

195 2150 400 2184 monasterio
415 2152 530 2185 locum
544 2151 655 2196 ipsum
667 2153 807 2196 optimis
826 2150 1002 2185 struauris
1020 2153 1070 2185 ita
1087 2153 1269 2186 exornavit
1287 2157 1327 2186 ut
1344 2151 1419 2196 post
1438 2153 1637 2186 fundatores

197 2223 310 2268 Reges
329 2224 445 2257 nullus
462 2235 615 2268 unquam
639 2222 932 2268 praedecefforum
953 2228 1051 2257 tanta
1069 2228 1104 2257 et
1123 2224 1206 2258 talia
1227 2225 1320 2258 fecit.
1371 2225 1489 2258 Primo
1507 2224 1637 2258 colum-

195 2297 276 2329 bare
302 2294 545 2340 ampliflimum
564 2300 599 2329 et
617 2293 835 2329 fortiffimum
854 2296 889 2329 in
907 2307 1040 2329 morem
1066 2297 1252 2341 pyramidis
1270 2295 1484 2336 construxit;
1512 2297 1636 2330 deinde
