1861 2786
238 277 279 306 1⁶2
692 271 932 306 HISTORIA
959 272 1207 306 ABBATUM

724 618 879 652 KYNLOS
898 629 1001 652 UNDE
1020 629 1184 653 DICITUR.

288 763 385 803 QmA
404 763 625 807 Etymologia
642 774 662 796 a
679 762 815 807 Kynlos
843 761 892 796 est
910 765 1012 802 varia,
1039 768 1075 796 et
1098 774 1225 796 nomen
1251 762 1302 797 est
1327 764 1576 808 Hybernieum,
1604 767 1675 810 pla-

240 837 310 869 cuit
328 836 383 869 hic
400 834 582 869 subtexere
601 835 747 868 diversas
765 836 800 868 in
818 836 883 869 hoc
900 837 1044 880 negocio
1062 835 1337 880 fignificationeS‚
1364 842 1404 870 ut
1427 837 1574 871 liberum
1600 841 1675 872 uni-

240 909 363 951 cuique
380 908 442 940 fiat
458 907 618 951 amplecffi
636 907 726 950 quod
745 907 839 940 velit.

288 980 330 1012 In
355 977 588 1013 vetustiffimis
616 979 719 1023 hujus
745 977 950 1012 Monasterii
976 978 1117 1024 seriptis,
1149 981 1214 1014 loci
1242 992 1368 1014 nomen
1395 983 1444 1015 ita
1469 981 1676 1025 descriptum

240 1052 385 1095 legimus
399 1063 407 1084 ε
434 1051 586 1098 Chinlos,
604 1051 696 1094 quod
713 1051 854 1094 perinde
868 1051 961 1084 valet
975 1051 1175 1095 Hybernice
1189 1064 1228 1086 ac
1242 1051 1266 1085 fi
1280 1054 1381 1091 dicas,
1396 1053 1676 1087 Promontorium

242 1123 448 1156 Herbosum.
498 1123 640 1156 Alicubi
657 1123 814 1167 legimus,
833 1123 979 1167 Kynlos,
997 1122 1054 1156 sed
1072 1124 1172 1163 male,
1191 1136 1252 1168 pro
1270 1124 1423 1169 Kynluss
1440 1126 1539 1164 forte,
1566 1127 1600 1159 id
1618 1125 1676 1164 est,

241 1196 363 1238 Capite
382 1195 522 1228 Herbae
540 1196 575 1228 in
590 1206 734 1228 numero
748 1193 919 1239 fingfflari,
934 1195 989 1228 vel
1004 1197 1038 1228 in
1057 1196 1181 1240 plurali
1192 1197 1317 1230 melius
1331 1197 1540 1241 Kynlusche‚
1555 1198 1678 1242 Capite

242 1266 448 1299 Herbarum.
501 1266 633 1305 Postea,
653 1267 787 1299 deflexo
807 1266 862 1308 (ut
880 1278 942 1300 nos
959 1270 1136 1311 putamus)
1155 1269 1296 1302 nomine
1314 1270 1441 1302 faustum
1467 1268 1525 1309 est,
1553 1270 1677 1305 Killos.

242 1351 301 1383 pro
320 1338 452 1371 Killuss
469 1340 504 1372 in
522 1337 694 1383 singulari,
714 1339 768 1371 vel
787 1340 821 1371 in
848 1339 973 1383 plurali
1000 1339 1188 1379 Killusche,
1208 1342 1228 1373 i.
1248 1353 1277 1374 e.
1298 1340 1451 1375 Ecclefia
1468 1341 1677 1376 Herbarum.

243 1411 325 1443 Non
344 1409 476 1449 desunt,
496 1412 553 1454 qui
573 1411 702 1449 dieunt,
722 1409 858 1449 Kilfl0s‚
886 1416 921 1444 et
947 1413 1155 1445 tantundem
1173 1413 1266 1446 valet
1284 1425 1323 1446 ae
1350 1414 1446 1447 loeus
1472 1414 1616 1457 aquosus
1642 1416 1676 1447 in

242 1495 308 1526 quo
327 1481 578 1516 subnascuntur
594 1483 721 1516 herbae
738 1484 897 1526 perpetui
915 1484 1044 1516 viroris.

290 1555 333 1588 In
351 1555 438 1598 pedo
457 1555 601 1593 abbatis,
618 1554 641 1587 J
644 1555 763 1588 oannis
783 1555 966 1594 Fluteriae,
985 1556 1150 1588 inciditur
1167 1555 1303 1595 Kiulos,
1321 1556 1379 1590 sed
1395 1557 1514 1591 vitiose
1528 1563 1622 1601 puto,
1639 1559 1680 1591 ab

243 1627 373 1660 artifice
392 1627 450 1670 qui
468 1628 641 1671 ignoraret
659 1638 703 1660 an
721 1638 781 1670 pro
800 1639 820 1660 n
840 1627 939 1660 litera
957 1627 1111 1661 vocalem
1129 1639 1150 1661 u
1167 1627 1360 1672 subjiceret.
