1861 2786
580 266 899 301 MONASTERII
926 267 959 300 A
988 267 1204 302 KYNLOS.
1571 274 1608 303 81

222 362 319 394 Inter
348 372 467 394 omnes
501 362 642 394 tandem
662 362 791 394 domini
818 363 970 396 Thomae
997 365 1132 397 abbatis
1158 368 1312 403 conatus,
1340 364 1399 397 ille
1423 362 1614 408 potiffimus

172 433 305 477 semper
322 434 429 466 videri
448 434 586 477 poterit,
613 445 680 476 quo
700 435 811 466 virum
829 446 908 467 cum
933 435 1042 468 literis
1066 441 1142 469 tum
1161 436 1315 470 civilium
1334 448 1493 470 curarum
1520 448 1615 480 prae-

172 506 358 539 cellentem
374 506 568 538 Robertum
584 505 672 538 Reid
691 507 727 538 in
744 504 965 540 successorem
984 509 1186 541 nominavit.
1227 508 1343 552 Hujus
1358 509 1503 542 Roberti
1523 521 1614 541 num·

173 580 356 622 prudentia
374 584 409 612 et
428 579 608 623 vigilantia
625 584 723 612 tanta
741 578 791 612 est
810 584 846 612 et
864 580 956 612 domi
976 584 1012 613 et
1030 580 1120 618 foris,
1140 585 1305 623 quantam
1324 582 1382 614 vix
1401 593 1462 625 per
1479 583 1615 614 univer-

173 651 241 684 sam
261 651 413 684 Scotiam
434 652 469 684 in
487 651 597 684 altero
616 651 792 690 offendam
819 652 904 684 nihil
923 663 1086 695 unquam,
1106 652 1160 685 vel
1179 654 1214 685 in
1232 653 1400 697 religione
1418 665 1487 686 non
1506 654 1614 686 solum

172 722 384 756 honestanda
394 722 450 756 sed
469 724 651 756 retinenda
666 735 812 766 quoque,
828 722 1022 767 appolitum
1037 725 1146 768 magis
1161 723 1227 757 efl'e
1242 725 1381 758 dixeris.
1422 725 1463 758 In
1480 727 1615 769 reipub-

173 796 258 829 licae
278 807 358 828 vero
376 795 627 838 multiplicibus
646 796 736 828 curis
755 795 840 828 nihil
858 806 1011 838 unquam
1026 796 1226 840 vigilantius
1244 802 1305 830 aut
1319 799 1424 830 etiam
1441 799 1616 841 incorrup-

172 870 242 901 tius
271 873 377 911 atque
407 868 604 910 expeditius
633 868 749 900 videre
780 868 918 910 poteris.
971 867 1099 900 Faxint
1130 867 1255 911 Superi
1286 874 1325 902 ut
1356 870 1414 902 illa
1444 881 1547 913 quam
1575 871 1616 902 (le

170 941 311 973 homine
329 950 448 972 omnes
467 940 538 972 fere
559 940 780 983 concepimus
794 940 1082 982 expe&ationmn‚
1101 939 1286 982 aliquando
1304 942 1486 984 potiamur.
1529 942 1616 974 Tum

173 1011 315 1056 copiose,
348 1016 467 1045 tantae
496 1012 544 1044 rei
572 1011 725 1044 authoris
756 1011 874 1044 laudes
905 1011 1219 1051 annumerabimus,
1251 1019 1286 1045 et
1314 1013 1459 1045 Roberti
1486 1014 1619 1046 abbatis

173 1086 280 1123 dotes,
295 1085 330 1117 in
345 1089 491 1126 utroque
506 1083 646 1116 homine
660 1084 838 1121 maximas,
854 1082 965 1116 soluta
979 1083 1034 1116 vel
1048 1083 1229 1117 numerosa
1247 1086 1402 1118 oratione
1417 1096 1616 1129 pangemus,

172 1157 293 1189 acriori
318 1157 403 1188 item
433 1154 577 1198 spiritu..
616 1155 673 1188 Sic
699 1166 847 1198 aequum
879 1154 927 1187 est
954 1156 1092 1198 utrique
1123 1168 1200 1189 meo
1233 1157 1443 1195 Meeaenati,
1471 1168 1616 1200 quorum

173 1228 341 1261 beneficio
367 1226 502 1260 nostrae
532 1239 625 1260 nunc
652 1226 819 1270 respirant
851 1227 984 1265 Musae,
1016 1225 1038 1259 fi
1071 1239 1140 1260 non
1171 1240 1299 1271 parem,
1326 1228 1448 1261 saltem
1479 1230 1615 1262 candidi

173 1301 277 1334 animi
297 1312 377 1344 erga
400 1299 477 1332 illos
495 1301 640 1343 gratiam
660 1299 844 1342 aliquando
862 1300 999 1332 referre.
1052 1299 1130 1332 Hoc
1148 1300 1233 1333 velit
1251 1299 1416 1344 Optimus
1436 1300 1615 1334 BIaximus

172 1373 194 1405 J
197 1372 272 1405 esus
290 1377 329 1404 ut
347 1378 494 1415 utroque
520 1372 645 1404 abbate
668 1371 768 1409 salvo,
788 1376 824 1404 et
842 1372 950 1410 nobis,
976 1384 1016 1405 ea
1034 1383 1121 1415 quae
1140 1384 1232 1405 nuno
1250 1373 1365 1405 animo
1384 1374 1614 1417 concepimus,

174 1446 207 1477 in
227 1445 341 1478 lucem
360 1444 544 1487 aliquando
563 1443 689 1487 scripta
706 1444 858 1486 proferre
877 1444 1061 1477 valeamus.

222 1517 263 1549 In
281 1516 473 1560 praesentia
487 1516 576 1549 forte
594 1527 721 1559 aquum
737 1516 842 1548 fuerit
861 1516 940 1548 huic
958 1517 1098 1560 negotio
1116 1517 1220 1549 finem
1240 1518 1425 1560 imponere,
1440 1517 1615 1561 quousque

173 1589 266 1622 aliud
285 1589 465 1632 contingat
484 1588 625 1632 cognitu
643 1586 866 1627 fimillimum,
886 1588 941 1621 vel
960 1589 1064 1621 etiam
1083 1589 1204 1632 majus.

223 1661 321 1694 Haec
339 1661 444 1705 igitur
470 1661 577 1693 ferme
603 1659 682 1692 sunt
709 1660 839 1692 domini
857 1660 1009 1693 Thomae
1036 1660 1170 1693 abbatis
1190 1662 1224 1692 in
1251 1665 1397 1703 utraque
1418 1662 1488 1694 vita
1512 1673 1615 1705 opera

173 1734 281 1777 magis
307 1730 461 1776 insignia,
492 1743 580 1775 quae
610 1743 672 1764 nos
698 1736 818 1765 extare
844 1733 1076 1776 cognovimus.
1129 1732 1229 1765 Vivit
1256 1733 1376 1772 adhue,
1404 1738 1439 1766 et
1465 1733 1539 1777 spes
1565 1733 1615 1767 est

174 1807 272 1843 bona,
292 1816 371 1837 eum
390 1816 459 1837 non
478 1816 586 1848 pauca
612 1804 714 1848 longe
733 1804 863 1847 optima
880 1808 1090 1837 curaturum.
1144 1804 1184 1837 Id
1204 1803 1360 1838 Christus
1379 1810 1417 1838 ut
1436 1806 1613 1843 concedat,

174 1888 243 1909 una
277 1888 361 1910 voce
399 1887 518 1909 omnes
552 1876 676 1919 quibus
715 1873 904 1908 interceffit
944 1887 1022 1908 eum
1061 1876 1201 1909 homine
1236 1877 1450 1911 familiaritas
1482 1878 1614 1922 jugiter

175 1950 407 1993 deprecamur.
457 1948 585 1981 Amen.

837 2048 948 2076 FINIS.
