1861 2786
598 264 919 298 MONASTERII
946 264 980 298 A
1007 264 1226 299 KYNLOS.
1590 272 1633 304 77

242 358 281 391 In
300 357 541 391 constituenda
566 357 766 391 soleaorum
793 360 949 393 codicum
977 360 1196 399 bibliotheca,
1221 360 1264 393 ad
1282 371 1384 403 quam
1411 364 1487 393 toto
1513 360 1633 405 spiritu

193 431 300 463 fertur
330 430 504 464 Robertus
532 431 646 469 abbas,
674 442 743 463 non
770 431 882 464 levem
909 433 1015 465 etiam
1041 443 1180 476 operam
1211 430 1391 476 praestitit.
1444 433 1486 465 In
1514 434 1633 476 primis

193 504 326 535 invexit
356 502 470 536 Vetus
501 514 540 535 ao
572 513 701 535 novum
732 501 979 536 testamentum
1013 503 1071 537 sex
1105 504 1336 537 voluminibus
1371 516 1450 538 cum
1483 507 1633 549 receptis

192 574 259 607 illis
292 572 406 617 gloffis
441 572 647 613 distinetum,
683 579 831 617 quatuor
862 575 1042 609 Vincentii
1073 576 1258 614 volumina,
1287 577 1353 610 tria
1382 576 1633 610 Chronicorum

192 645 374 685 Antonini,
410 647 476 679 tria
506 646 737 690 Epistolarum
774 647 843 679 divi
874 647 1089 692 Hieronymi,
1121 647 1237 692 Opera
1271 649 1396 681 deinde
1427 649 1632 694 Hieronymi

192 720 343 762 quinque
356 718 598 757 voluminibus,
614 718 729 763 Opera
742 718 914 752 Ambrosii
938 721 1081 760 (luobus,
1094 720 1210 764 Opera
1224 719 1455 763 chrysostomi
1474 726 1631 765 quatuor,

192 791 350 835 Gregorii
369 803 448 830 uno,
468 796 503 824 et
521 791 631 824 altero
650 791 827 831 Bernardi,
855 792 1035 825 Summam
1056 793 1243 835 Aquinatis
1261 804 1340 831 uno,
1369 793 1632 827 Sententiarum

192 864 457 897 commentarios
484 863 581 896 Scoti
611 864 754 903 duobus,
788 864 990 897 Sententias
1015 864 1160 897 Joannis
1186 864 1330 908 Majoris
1359 866 1502 905 duobus,
1530 866 1633 899 Com-

192 937 379 968 mentarios
397 934 584 978 Aquinatis
606 937 641 968 in
668 934 829 979 epistolas
848 936 916 968 divi
937 935 1037 968 Pauli
1064 937 1207 975 duobus,
1227 936 1465 981 Augustinum
1491 939 1534 971 de
1552 940 1634 972 civi-

192 1014 265 1041 tate
284 1007 351 1040 Dei
378 1012 413 1040 et
431 1007 601 1040 Trinitate
620 1019 698 1046 un0‚
717 1007 845 1040 Totum
863 1008 921 1051 jus
948 1008 1164 1051 pontificium
1192 1020 1271 1042 cum
1297 1008 1459 1053 glossulis,
1487 1015 1522 1043 et
1549 1010 1633 1043 alios

191 1080 385 1124 complures
403 1079 598 1113 sermonum
617 1079 772 1119 libellos;
797 1091 885 1123 quae
903 1081 1020 1114 omnia
1038 1081 1073 1113 in
1092 1092 1181 1113 nova
1197 1081 1415 1121 bibliotheca,
1435 1087 1471 1115 et
1486 1083 1521 1116 in
1536 1081 1633 1115 usum

192 1152 404 1185 studentium
436 1154 471 1185 in
501 1150 706 1186 monasterio
737 1150 958 1186 asservantur.
1028 1152 1171 1186 Curavit
1206 1158 1241 1186 et
1276 1154 1344 1186 (luo
1380 1154 1557 1188 volumina
1599 1156 1633 1187 in

190 1225 410 1263 membranis,
438 1222 566 1257 missale
586 1225 747 1258 videlicet
774 1236 892 1263 unum,
917 1225 1081 1269 graduale
1108 1225 1266 1264 alterum,
1294 1227 1383 1269 apud
1411 1226 1548 1259 Culross
1575 1239 1634 1260 ex-

191 1296 315 1340 scripta
332 1295 391 1329 suo
410 1308 498 1335 aere,
517 1297 559 1329 ad
579 1295 824 1329 monasterium
843 1297 979 1330 adferri.

240 1368 295 1401 Do
313 1380 427 1401 annuo
446 1380 526 1401 vero
544 1369 645 1412 hujus
666 1368 863 1401 monasterii
882 1369 994 1408 censu,
1022 1381 1091 1402 non
1110 1368 1159 1403 est
1178 1371 1213 1402 in
1232 1371 1376 1414 proclivi
1395 1372 1508 1405 dicere
1527 1384 1634 1415 quan-

192 1447 266 1473 tum
294 1441 439 1473 alioruin
465 1441 630 1474 abbatum
657 1441 870 1485 negligentia
896 1440 1083 1481 decesserit,
1103 1447 1139 1475 et
1157 1447 1328 1485 quantum
1350 1445 1453 1477 unius
1479 1444 1633 1478 Thomae

193 1513 370 1557 vigilantia
387 1514 585 1546 accreverit.
637 1513 708 1546 Res
722 1512 771 1546 est
786 1515 894 1557 major
907 1514 1169 1557 intricatior-que
1183 1526 1286 1557 quam
1300 1520 1339 1548 ut
1354 1513 1454 1559 possit
1472 1517 1633 1549 brevibus

192 1585 382 1629 compleffi.
452 1585 520 1618 Hic
550 1590 668 1618 tamen
700 1585 865 1618 tabellam
900 1584 1176 1630 consignabimus
1211 1599 1331 1620 eorum
1366 1600 1454 1632 quae
1485 1589 1633 1623 Thomas

192 1658 296 1690 abbas
327 1659 361 1690 in
392 1659 491 1690 initio
521 1657 600 1691 suae
631 1656 936 1690 administrationis
966 1659 1154 1698 adinvenit,
1185 1664 1225 1692 ut
1252 1672 1330 1693 cum
1359 1661 1535 1705 duplicata
1558 1663 1632 1705 jam

193 1731 307 1763 onmia
326 1730 495 1763 audiverit
515 1730 630 1768 lettor,
649 1729 803 1762 authoris
822 1730 1041 1773 prudentiam
1061 1736 1097 1763 et
1117 1731 1250 1765 labores
1269 1733 1441 1777 agnoscat.

458 1844 626 1877 TABELLA
654 1854 781 1877 EORUM
808 1854 917 1882 QUAE,
948 1848 1048 1882 1500,
1075 1844 1227 1878 THoMAs
1255 1856 1365 1879 ABBAs

580 1927 618 1948 IN
646 1926 761 1949 CENSU
790 1929 809 1948 A
838 1916 994 1950 KYNLOS
1022 1927 1241 1950 ADINVENIT.

242 2018 366 2057 Primo,
394 2018 539 2052 Summa
564 2029 679 2051 annua
705 2018 824 2051 firmae
851 2019 967 2061 (quam
996 2021 1135 2061 vocant)
1163 2020 1324 2054 baroniae
1341 2033 1361 2054 a
1379 2021 1526 2065 Kynlos,
1554 2023 1628 2059 fuit,

1318 2093 1429 2126 Marc.
1449 2094 1533 2128 Scot
1555 2099 1630 2128 114.

241 2164 386 2197 Summa
403 2175 517 2197 annua
534 2164 633 2207 burgi
652 2175 672 2196 a
690 2163 717 2196 F
720 2164 872 2201 inderne,
997 2190 1003 2196 .
1104 2191 1110 2197 .
1212 2191 1217 2197 .
1318 2165 1428 2199 Marc.
1450 2170 1503 2200 ⁶20.

242 2235 386 2269 Summa
404 2247 519 2269 annua
535 2236 697 2269 baroniae
715 2247 734 2268 a
753 2235 931 2279 Strathily,
996 2262 1002 2267 .
1104 2262 1109 2268 .
1211 2263 1217 2269 .
1317 2237 1427 2271 Marc.
1451 2242 1526 2275 147.

242 2308 344 2347 Item,
364 2307 466 2341 villae
484 2320 503 2341 a
522 2307 743 2346 Leithnocht,
784 2334 790 2340 .
891 2334 897 2339 .
997 2334 1003 2340 .
1105 2334 1111 2340 .
1211 2335 1217 2341 .
1318 2309 1427 2343 Marc.
1450 2312 1479 2343 6.
