1861 2786
584 270 903 304 MONASTERII
931 270 963 303 A
992 269 1210 303 KYNLOS.
1575 272 1617 306 67

175 365 363 409 publicum,
383 367 474 410 quod
493 371 627 405 vocant,
648 364 925 405 instrumentum,
944 366 1075 399 Jacobo
1095 365 1193 410 Rege
1219 365 1292 409 ejus
1319 365 1469 398 nominis
1495 370 1617 408 quarto

175 439 431 482 comprobante,
462 439 569 483 redigi
601 440 745 472 curavit.
798 439 932 471 Extant
963 443 999 471 01
1029 438 1105 477 alia,
1136 449 1216 471 011111
1247 438 1467 470 (1011111101-11111
1495 437 1617 481 parlia-

174 511 283 543 menti
311 491 386 543 tizm
414 510 520 555 Regis
538 509 641 555 ipfius
659 511 701 544 ad
719 511 808 544 hanc
826 522 899 543 rem
922 511 1071 549 decreta,
1090 522 1178 553 quae
1196 512 1231 543 111
1251 510 1463 554 posterorum
1489 522 1618 543 memo-

174 583 257 615 riam
283 581 540 627 ‹liligentiffime
559 584 650 627 apud
669 582 806 627 Kynlos
823 581 1042 616 asservantur.

222 653 406 698 Deinceps,
425 653 519 698 quafi
537 656 712 689 fortunam
730 656 941 688 arridentem
960 654 1019 687 suo
1038 657 1174 688 muneri
1200 654 1392 699 accepisset,
1419 657 1455 688 in
1481 656 1616 699 majori-

174 726 236 759 bus
266 727 452 770 periclitari
483 727 603 760 voluit.
671 728 726 761 Ac
760 729 908 772 priorem
939 740 959 761 a
990 727 1173 761 Pluscarde
1207 729 1387 761 dominum
1423 728 1617 761 Robertuni

175 798 322 831 Harwor
343 804 480 843 praeter
498 811 633 843 aequum
652 799 858 843 piscationes
872 812 892 833 a
906 800 1090 833 Fernanen
1109 805 1347 844 occupantem,
1366 811 1471 843 parvo
1490 805 1617 834 conatu

174 869 230 903 sed
257 872 404 914 pecunia
429 872 559 915 majore
585 873 634 905 ita
660 873 796 905 attrivit
822 876 897 905 toto
924 873 1084 911 triennio,
1112 876 1151 904 ut
1178 873 1360 905 dimidium
1390 872 1492 912 illius,
1520 873 1617 916 cujus

172 943 283 986 gratia
302 943 399 976 litem
419 944 576 982 iniverat,
595 945 631 976 in
648 948 857 987 perpetuum
875 945 1059 987 acceperit.

222 1014 315 1048 Huic
334 1016 428 1058 operi
446 1014 601 1049 sueceffit
621 1028 699 1049 011111
719 1016 867 1059 quodam
887 1016 940 1049 M.
961 1016 1113 1060 Hugone
1133 1016 1279 1050 Martini
1307 1018 1488 1050 contentio
1515 1017 1617 1061 plena

173 1087 355 1120 laboribus.
404 1087 600 1132 Acceperat
618 1089 687 1127 ille,
702 1087 815 1121 nescio
830 1100 873 1121 an
892 1086 1058 1122 industria
1074 1089 1203 1132 majore
1221 1100 1265 1121 an
1284 1089 1363 1122 dolo
1382 1089 1473 1123 malo
1492 1091 1616 1133 potius,

172 1158 400 1203 subscriptum
427 1172 446 1193 a
473 1160 570 1205 Rege
597 1160 758 1204 diploma,
785 1172 853 1203 quo
876 1161 1064 1194 cavebatur
1086 1165 1126 1194 ut
1150 1161 1263 1194 eidem
1286 1160 1430 1206 Hugoni
1454 1162 1617 1204 quamdiu

174 1233 305 1264 viveret
336 1233 515 1265 definitam
547 1234 732 1275 quotannis
762 1234 955 1276 pecuniam,
986 1234 1051 1266 hoc
1079 1232 1138 1272 est,
1168 1233 1271 1266 libras
1302 1232 1444 1267 scoticas
1475 1239 1616 1267 0011111111

172 1303 390 1349 septuaginta
408 1310 653 1338 annumeraret
680 1305 784 1338 abbas
816 1317 835 1338 a
866 1304 1013 1349 Kynlos.
1067 1305 1230 1349 Negabat
1257 1306 1361 1339 abbas
1381 1305 1414 1339 se
1433 1307 1617 1349 quicquam

172 1377 303 1409 homini
323 1378 449 1410 debere
476 1378 567 1421 quod
586 1376 644 1410 suo
669 1376 875 1411 monasterio
902 1377 1104 1411 damnosum
1130 1375 1222 1410 effet.
1274 1377 1406 1411 Contra
1431 1378 1499 1417 ille,
1519 1377 1617 1411 suum

165 1450 224 1492 jus
258 1455 294 1481 et
330 1449 499 1493 Principis
534 1450 696 1488 favorem,
731 1462 799 1493 quo
829 1455 914 1483 tunc
944 1462 1005 1494 pro
1035 1451 1176 1483 arbitrio
1207 1450 1381 1489 utebatur,
1413 1451 1618 1494 objefitabat.

174 1519 254 1553 Post
273 1521 441 1565 septennii
460 1523 723 1555 contentionem
753 1527 789 1555 et
816 1521 1006 1566 impensam
1032 1522 1128 1555 mille
1159 1523 1324 1556 librarum
1352 1522 1556 1556 scoticarum
1583 1525 1617 1555 111

172 1593 235 1626 1110
264 1605 325 1637 per
350 1594 523 1633 abbatem,
543 1593 595 1627 M.
627 1594 686 1627 ille
717 1594 832 1639 Hugo,
862 1594 982 1628 causae
1008 1594 1097 1634 suae,
1124 1596 1269 1628 mutatis
1297 1600 1475 1638 utcunque
1506 1596 1616 1634 rebus,

174 1666 330 1699 diflidens
348 1667 440 1709 pacis
463 1667 680 1700 conditiones
698 1668 741 1700 ab
759 1667 885 1700 abbate
903 1665 1092 1710 propofitas
1110 1667 1233 1700 lubens
1252 1668 1407 1711 accepit:
1427 1672 1463 1700 et
1481 1672 1618 1711 poterat

172 1739 328 1781 opprimi,
348 1736 372 1770 fi
390 1738 495 1771 abbas
522 1743 681 1782 coeptam
702 1739 800 1772 litem
827 1738 933 1782 usque
959 1740 994 1771 in
1021 1739 1126 1772 finem
1152 1738 1308 1783 persequi
1328 1737 1496 1773 voluifl'et.
1548 1740 1617 1772 Sed

172 1809 286 1843 secum
304 1811 488 1854 reputabat
507 1812 558 1843 vir
574 1812 725 1855 prudens
747 1823 965 1855 nequaquam
985 1809 1050 1844 effe
1068 1812 1228 1844 fortunae
1242 1812 1436 1845 blandienti
1454 1813 1617 1845 nimirum

173 1883 359 1921 fidendum,
387 1894 431 1915 ne
449 1880 473 1915 fi
491 1883 628 1916 reflaret
655 1883 768 1916 denuo
795 1894 875 1916 cum
902 1883 954 1915 M.
975 1883 1127 1927 Hugone
1154 1895 1279 1916 novam
1306 1884 1404 1917 litem
1435 1885 1618 1917 intendere

174 1959 358 1997 oporteret.
421 1954 546 1998 Itaque
581 1954 738 1998 expensis
772 1956 862 1989 bene
895 1956 938 1989 ad
970 1960 1154 1999 utramque
1184 1961 1319 1999 partem
1350 1957 1616 1991 conditionibus,

173 2037 327 2059 aunuum
346 2026 446 2059 illum
460 2025 600 2060 censum
615 2032 651 2060 et
666 2032 882 2071 perpetuum,
897 2027 992 2060 libris
1006 2026 1141 2061 scoticis
1155 2029 1330 2073 o&oginta
1346 2028 1451 2062 semel
1470 2030 1616 2067 traditis,

174 2100 209 2130 in
227 2103 342 2131 totum
360 2098 494 2142 sopivit.

223 2169 296 2203 Vix
314 2171 397 2203 dum
416 2182 494 2204 cum
514 2170 566 2204 M.
587 2171 739 2216 Hugone
758 2177 885 2216 egerat,
904 2177 940 2205 et
958 2173 1114 2216 protinus
1141 2184 1221 2206 eum
1239 2172 1386 2218 suscepit
1404 2173 1616 2208 adversarius

174 2242 263 2275 alter
273 2242 292 2275 J
299 2254 427 2276 oannes
442 2248 674 2287 cognomento
688 2243 836 2276 Cumein
852 2245 1011 2278 dominus
1028 2246 1071 2278 ab
1087 2244 1288 2279 Ernishede.
1334 2246 1378 2286 Is,
1398 2248 1441 2279 ob
1457 2247 1617 2280 viciniam

173 2316 244 2358 agri
263 2314 312 2348 sui
331 2326 409 2348 cum
429 2315 646 2355 monasterio,
670 2316 713 2349 de
736 2317 979 2360 promovendis
1001 2318 1126 2351 finibus
1150 2317 1337 2363 satagebat.
1393 2319 1514 2352 Abbas
1536 2330 1616 2352 vero

898 2400 910 2422 I
