<?xml version="1.0" encoding="UTF-8"?>
<!DOCTYPE html PUBLIC "-//W3C//DTD XHTML 1.0 Transitional//EN"
    "http://www.w3.org/TR/xhtml1/DTD/xhtml1-transitional.dtd">
<html xmlns="http://www.w3.org/1999/xhtml" xml:lang="en" lang="en">
 <head>
  <title>
</title>
<meta http-equiv="Content-Type" content="text/html;charset=utf-8" />
  <meta name='ocr-system' content='tesseract 3.04.00' />
  <meta name='ocr-capabilities' content='ocr_page ocr_carea ocr_par ocr_line ocrx_word'/>
</head>
<body>
  <div class='ocr_page' id='page_1' title='image "./ferreriihistoria00bann/ferreriihistoria00bann_0061.png"; bbox 0 0 1861 2786; ppageno 0'>
   <div class='ocr_carea' id='block_1_1' title="bbox 593 252 1633 289">
    <p class='ocr_par' dir='ltr' id='par_1_1' title="bbox 593 252 1633 289">
     <span class='ocr_line' id='line_1_1' title="bbox 593 252 1633 289; baseline -0.001 0"><span class='ocrx_word' id='word_1_1' title='bbox 593 254 914 289; x_wconf 79' lang='lat' dir='ltr'><strong>MONASTERII</strong></span> <span class='ocrx_word' id='word_1_2' title='bbox 942 254 975 287; x_wconf 81' lang='lat' dir='ltr'><strong>A</strong></span> <span class='ocrx_word' id='word_1_3' title='bbox 1006 252 1224 286; x_wconf 82' lang='lat' dir='ltr'><strong>KYNLOS.</strong></span> <span class='ocrx_word' id='word_1_4' title='bbox 1590 259 1633 288; x_wconf 62' lang='lat'>&lt;25</span> 
     </span>
    </p>
   </div>
   <div class='ocr_carea' id='block_1_2' title="bbox 182 349 1629 467">
    <p class='ocr_par' dir='ltr' id='par_1_2' title="bbox 182 349 1629 467">
     <span class='ocr_line' id='line_1_2' title="bbox 183 349 1629 397; baseline -0.003 -10"><span class='ocrx_word' id='word_1_5' title='bbox 183 354 226 388; x_wconf 89' lang='lat' dir='ltr'>ab</span> <span class='ocrx_word' id='word_1_6' title='bbox 253 353 459 392; x_wconf 85' lang='lat' dir='ltr'>Invcralien,</span> <span class='ocrx_word' id='word_1_7' title='bbox 486 353 642 397; x_wconf 76' lang='lat' dir='ltr'><strong>proxime</strong></span> <span class='ocrx_word' id='word_1_8' title='bbox 672 353 714 385; x_wconf 90' lang='lat' dir='ltr'>ad</span> <span class='ocrx_word' id='word_1_9' title='bbox 747 351 924 384; x_wconf 84' lang='lat' dir='ltr'>defluxum</span> <span class='ocrx_word' id='word_1_10' title='bbox 952 349 1063 393; x_wconf 84' lang='lat' dir='ltr'>Speae</span> <span class='ocrx_word' id='word_1_11' title='bbox 1094 350 1214 387; x_wconf 82' lang='lat' dir='ltr'>amuis,</span> <span class='ocrx_word' id='word_1_12' title='bbox 1247 360 1330 392; x_wconf 77' lang='lat' dir='ltr'>quas</span> <span class='ocrx_word' id='word_1_13' title='bbox 1362 360 1453 382; x_wconf 77' lang='lat' dir='ltr'>nunc·</span> <span class='ocrx_word' id='word_1_14' title='bbox 1484 357 1629 394; x_wconf 71' lang='lat' dir='ltr'>occupat</span> 
     </span>
     <span class='ocr_line' id='line_1_3' title="bbox 182 421 1629 467; baseline -0.003 -8"><span class='ocrx_word' id='word_1_15' title='bbox 182 427 334 460; x_wconf 83' lang='lat' dir='ltr'>Jacobus</span> <span class='ocrx_word' id='word_1_16' title='bbox 365 426 511 464; x_wconf 83' lang='lat' dir='ltr'>Granth,</span> <span class='ocrx_word' id='word_1_17' title='bbox 543 424 792 458; x_wconf 83' lang='lat' dir='ltr'>consuetudine</span> <span class='ocrx_word' id='word_1_18' title='bbox 822 424 931 467; x_wconf 76' lang='lat' dir='ltr'>magis</span> <span class='ocrx_word' id='word_1_19' title='bbox 959 423 1140 465; x_wconf 83' lang='lat' dir='ltr'>tyrannica</span> <span class='ocrx_word' id='word_1_20' title='bbox 1166 422 1335 464; x_wconf 85' lang='lat' dir='ltr'>majorum</span> <span class='ocrx_word' id='word_1_21' title='bbox 1360 421 1496 455; x_wconf 88' lang='lat' dir='ltr'>suorum</span> <span class='ocrx_word' id='word_1_22' title='bbox 1529 434 1629 465; x_wconf 83' lang='lat' dir='ltr'>quam</span> 
     </span>
    </p>
   </div>
   <div class='ocr_carea' id='block_1_3' title="bbox 177 499 401 543">
    <p class='ocr_par' dir='ltr' id='par_1_3' title="bbox 177 499 401 543">
     <span class='ocr_line' id='line_1_4' title="bbox 177 499 401 543; baseline -0.009 -11"><span class='ocrx_word' id='word_1_23' title='bbox 177 501 256 543; x_wconf 87' lang='lat' dir='ltr'>jure</span> <span class='ocrx_word' id='word_1_24' title='bbox 274 499 401 542; x_wconf 87' lang='lat' dir='ltr'>aliquo.</span> 
     </span>
    </p>
   </div>
   <div class='ocr_carea' id='block_1_4' title="bbox 274 710 1544 821">
    <p class='ocr_par' dir='ltr' id='par_1_4' title="bbox 274 710 1544 821">
     <span class='ocr_line' id='line_1_5' title="bbox 274 710 1544 749; baseline -0.002 -3"><span class='ocrx_word' id='word_1_25' title='bbox 274 713 449 747; x_wconf 70' lang='lat' dir='ltr'>Donnms</span> <span class='ocrx_word' id='word_1_26' title='bbox 466 712 619 745; x_wconf 64' lang='lat' dir='ltr'>Tnoms</span> <span class='ocrx_word' id='word_1_27' title='bbox 961 736 968 749; x_wconf 92' lang='lat'>‚</span> <span class='ocrx_word' id='word_1_28' title='bbox 988 710 1113 743; x_wconf 77' lang='lat' dir='ltr'>ABBAS</span> <span class='ocrx_word' id='word_1_29' title='bbox 1132 721 1151 743; x_wconf 86' lang='lat' dir='ltr'><strong>A</strong></span> <span class='ocrx_word' id='word_1_30' title='bbox 1172 710 1328 743; x_wconf 77' lang='lat' dir='ltr'><strong>KYNLOS</strong></span> <span class='ocrx_word' id='word_1_31' title='bbox 1347 710 1544 749; x_wconf 69' lang='lat' dir='ltr'><strong>SEPTIMUS,</strong></span> 
     </span>
     <span class='ocr_line' id='line_1_6' title="bbox 472 783 1343 821; baseline -0.002 -4"><span class='ocrx_word' id='word_1_32' title='bbox 472 784 571 817; x_wconf 80' lang='lat' dir='ltr'>Obiit</span> <span class='ocrx_word' id='word_1_33' title='bbox 590 788 609 817; x_wconf 88' lang='grc'><strong>3</strong></span> <span class='ocrx_word' id='word_1_34' title='bbox 631 783 722 816; x_wconf 92' lang='lat' dir='ltr'>Non.</span> <span class='ocrx_word' id='word_1_35' title='bbox 744 783 930 821; x_wconf 83' lang='lat' dir='ltr'>Februarii,</span> <span class='ocrx_word' id='word_1_36' title='bbox 950 783 1056 815; x_wconf 88' lang='lat' dir='ltr'>Anno</span> <span class='ocrx_word' id='word_1_37' title='bbox 1076 783 1219 815; x_wconf 89' lang='lat' dir='ltr'>Domini</span> <span class='ocrx_word' id='word_1_38' title='bbox 1241 786 1343 816; x_wconf 67' lang='lat'>1958.</span> 
     </span>
    </p>
   </div>
   <div class='ocr_carea' id='block_1_5' title="bbox 232 925 1635 970">
    <p class='ocr_par' dir='ltr' id='par_1_5' title="bbox 232 925 1635 970">
     <span class='ocr_line' id='line_1_7' title="bbox 232 925 1635 970; baseline -0.001 -7"><span class='ocrx_word' id='word_1_39' title='bbox 232 930 338 963; x_wconf 88' lang='lat' dir='ltr'>Anno</span> <span class='ocrx_word' id='word_1_40' title='bbox 357 941 437 962; x_wconf 84' lang='lat' dir='ltr'>vero</span> <span class='ocrx_word' id='word_1_41' title='bbox 464 929 607 961; x_wconf 90' lang='lat' dir='ltr'>Domini</span> <span class='ocrx_word' id='word_1_42' title='bbox 630 931 729 966; x_wconf 72' lang='lat'>1955,</span> <span class='ocrx_word' id='word_1_43' title='bbox 750 927 924 960; x_wconf 86' lang='lat' dir='ltr'>Robertus</span> <span class='ocrx_word' id='word_1_44' title='bbox 952 925 1140 970; x_wconf 66' lang='lat' dir='ltr'>Episcopus</span> <span class='ocrx_word' id='word_1_45' title='bbox 1168 925 1341 960; x_wconf 76' lang='lat' dir='ltr'>Rossenfis</span> <span class='ocrx_word' id='word_1_46' title='bbox 1363 929 1511 961; x_wconf 82' lang='lat' dir='ltr'>contulit</span> <span class='ocrx_word' id='word_1_47' title='bbox 1533 929 1635 962; x_wconf 84' lang='lat' dir='ltr'>Mon-</span> 
     </span>
    </p>
   </div>
   <div class='ocr_carea' id='block_1_6' title="bbox 184 997 1233 1046">
    <p class='ocr_par' dir='ltr' id='par_1_6' title="bbox 184 997 1233 1046">
     <span class='ocr_line' id='line_1_8' title="bbox 184 997 1233 1046; baseline -0.005 -10"><span class='ocrx_word' id='word_1_48' title='bbox 184 1001 306 1036; x_wconf 86' lang='lat' dir='ltr'>asterio</span> <span class='ocrx_word' id='word_1_49' title='bbox 324 1014 344 1035; x_wconf 87' lang='lat' dir='ltr'>a</span> <span class='ocrx_word' id='word_1_50' title='bbox 361 1001 498 1046; x_wconf 83' lang='lat' dir='ltr'>Kynlos</span> <span class='ocrx_word' id='word_1_51' title='bbox 517 999 707 1035; x_wconf 81' lang='lat' dir='ltr'>Ecclesiam</span> <span class='ocrx_word' id='word_1_52' title='bbox 725 1001 866 1033; x_wconf 89' lang='lat' dir='ltr'>nomine</span> <span class='ocrx_word' id='word_1_53' title='bbox 885 999 1034 1033; x_wconf 79' lang='lat' dir='ltr'>Awacht</span> <span class='ocrx_word' id='word_1_54' title='bbox 1053 1000 1088 1032; x_wconf 95' lang='lat' dir='ltr'>in</span> <span class='ocrx_word' id='word_1_55' title='bbox 1107 997 1233 1032; x_wconf 84' lang='lat' dir='ltr'>Roffia.</span> 
     </span>
    </p>
   </div>
   <div class='ocr_carea' id='block_1_7' title="bbox 258 1215 1562 1327">
    <p class='ocr_par' dir='ltr' id='par_1_7' title="bbox 258 1215 1562 1327">
     <span class='ocr_line' id='line_1_9' title="bbox 258 1215 1562 1254; baseline 0.002 -3"><span class='ocrx_word' id='word_1_56' title='bbox 258 1218 434 1251; x_wconf 71' lang='lat' dir='ltr'>DoMINus</span> <span class='ocrx_word' id='word_1_57' title='bbox 461 1217 595 1251; x_wconf 81' lang='lat' dir='ltr'>SYMON</span> <span class='ocrx_word' id='word_1_58' title='bbox 934 1242 941 1254; x_wconf 94' lang='lat'><strong><em>‚</em></strong></span> <span class='ocrx_word' id='word_1_59' title='bbox 968 1215 1093 1249; x_wconf 78' lang='lat' dir='ltr'><strong>ABBAS</strong></span> <span class='ocrx_word' id='word_1_60' title='bbox 1121 1227 1169 1249; x_wconf 83' lang='lat' dir='ltr'>DE</span> <span class='ocrx_word' id='word_1_61' title='bbox 1196 1216 1352 1250; x_wconf 79' lang='lat' dir='ltr'>KYNLos</span> <span class='ocrx_word' id='word_1_62' title='bbox 1379 1217 1562 1254; x_wconf 71' lang='lat' dir='ltr'>OCTAVUS.</span> 
     </span>
     <span class='ocr_line' id='line_1_10' title="bbox 524 1288 1307 1327; baseline 0 -5"><span class='ocrx_word' id='word_1_63' title='bbox 524 1289 622 1322; x_wconf 89' lang='lat' dir='ltr'>Obiit</span> <span class='ocrx_word' id='word_1_64' title='bbox 645 1292 686 1321; x_wconf 65' lang='lat'>12</span> <span class='ocrx_word' id='word_1_65' title='bbox 705 1289 778 1322; x_wconf 78' lang='lat' dir='ltr'>Cal.</span> <span class='ocrx_word' id='word_1_66' title='bbox 799 1289 896 1327; x_wconf 78' lang='lat' dir='ltr'>Maii,</span> <span class='ocrx_word' id='word_1_67' title='bbox 917 1289 1022 1321; x_wconf 86' lang='lat' dir='ltr'>Anno</span> <span class='ocrx_word' id='word_1_68' title='bbox 1042 1288 1185 1322; x_wconf 86' lang='lat' dir='ltr'>Domini</span> <span class='ocrx_word' id='word_1_69' title='bbox 1207 1291 1307 1325; x_wconf 71' lang='lat'><strong>1969.</strong></span> 
     </span>
    </p>
   </div>
   <div class='ocr_carea' id='block_1_8' title="bbox 189 1432 1638 2207">
    <p class='ocr_par' dir='ltr' id='par_1_8' title="bbox 189 1432 1635 1552">
     <span class='ocr_line' id='line_1_11' title="bbox 237 1432 1635 1480; baseline 0.003 -12"><span class='ocrx_word' id='word_1_70' title='bbox 237 1436 319 1468; x_wconf 84' lang='lat' dir='ltr'>Fuit.</span> <span class='ocrx_word' id='word_1_71' title='bbox 338 1437 364 1468; x_wconf 84' lang='lat' dir='ltr'>is</span> <span class='ocrx_word' id='word_1_72' title='bbox 382 1436 455 1468; x_wconf 84' lang='lat' dir='ltr'>vita</span> <span class='ocrx_word' id='word_1_73' title='bbox 472 1440 507 1468; x_wconf 87' lang='lat' dir='ltr'>et</span> <span class='ocrx_word' id='word_1_74' title='bbox 526 1435 679 1467; x_wconf 87' lang='lat' dir='ltr'>moribus</span> <span class='ocrx_word' id='word_1_75' title='bbox 706 1432 945 1469; x_wconf 66' lang='lat' dir='ltr'>ornatiffimus,</span> <span class='ocrx_word' id='word_1_76' title='bbox 974 1439 1009 1467; x_wconf 83' lang='lat' dir='ltr'>et</span> <span class='ocrx_word' id='word_1_77' title='bbox 1035 1435 1077 1467; x_wconf 86' lang='lat' dir='ltr'>ad</span> <span class='ocrx_word' id='word_1_78' title='bbox 1104 1435 1309 1479; x_wconf 75' lang='lat' dir='ltr'>religionem</span> <span class='ocrx_word' id='word_1_79' title='bbox 1336 1435 1490 1480; x_wconf 80' lang='lat' dir='ltr'>apposite</span> <span class='ocrx_word' id='word_1_80' title='bbox 1518 1439 1635 1472; x_wconf 63' lang='lat' dir='ltr'>fastus.</span> 
     </span>
     <span class='ocr_line' id='line_1_12' title="bbox 189 1506 1443 1552; baseline 0.001 -10"><span class='ocrx_word' id='word_1_81' title='bbox 189 1509 271 1543; x_wconf 89' lang='lat' dir='ltr'>Non</span> <span class='ocrx_word' id='word_1_82' title='bbox 291 1507 414 1541; x_wconf 79' lang='lat' dir='ltr'>desunt</span> <span class='ocrx_word' id='word_1_83' title='bbox 433 1509 491 1552; x_wconf 91' lang='lat' dir='ltr'>qui</span> <span class='ocrx_word' id='word_1_84' title='bbox 509 1508 709 1551; x_wconf 78' lang='lat' dir='ltr'>praedicent</span> <span class='ocrx_word' id='word_1_85' title='bbox 727 1506 895 1540; x_wconf 86' lang='lat' dir='ltr'>summam</span> <span class='ocrx_word' id='word_1_86' title='bbox 913 1507 1015 1551; x_wconf 82' lang='lat' dir='ltr'>hujus</span> <span class='ocrx_word' id='word_1_87' title='bbox 1033 1508 1183 1541; x_wconf 79' lang='lat' dir='ltr'>hominis</span> <span class='ocrx_word' id='word_1_88' title='bbox 1201 1509 1443 1543; x_wconf 82' lang='lat' dir='ltr'>eruditionem.</span> 
     </span>
    </p>

    <p class='ocr_par' dir='ltr' id='par_1_9' title="bbox 190 1578 1638 1839">
     <span class='ocr_line' id='line_1_13' title="bbox 237 1578 1636 1625; baseline 0.002 -11"><span class='ocrx_word' id='word_1_89' title='bbox 237 1582 310 1615; x_wconf 86' lang='lat' dir='ltr'>Sub</span> <span class='ocrx_word' id='word_1_90' title='bbox 336 1582 475 1614; x_wconf 85' lang='lat' dir='ltr'>initium</span> <span class='ocrx_word' id='word_1_91' title='bbox 494 1578 588 1613; x_wconf 84' lang='lat' dir='ltr'>istius</span> <span class='ocrx_word' id='word_1_92' title='bbox 613 1580 763 1613; x_wconf 82' lang='lat' dir='ltr'>Abbatis</span> <span class='ocrx_word' id='word_1_93' title='bbox 789 1578 869 1613; x_wconf 79' lang='lat' dir='ltr'>arfit</span> <span class='ocrx_word' id='word_1_94' title='bbox 895 1578 1147 1613; x_wconf 75' lang='lat' dir='ltr'>Monasterium</span> <span class='ocrx_word' id='word_1_95' title='bbox 1174 1593 1194 1614; x_wconf 86' lang='lat' dir='ltr'>a</span> <span class='ocrx_word' id='word_1_96' title='bbox 1212 1581 1349 1625; x_wconf 83' lang='lat' dir='ltr'>Kynlos</span> <span class='ocrx_word' id='word_1_97' title='bbox 1376 1595 1465 1616; x_wconf 83' lang='lat' dir='ltr'>anno</span> <span class='ocrx_word' id='word_1_98' title='bbox 1495 1584 1636 1617; x_wconf 88' lang='lat' dir='ltr'>Domini</span> 
     </span>
     <span class='ocr_line' id='line_1_14' title="bbox 191 1651 1638 1700; baseline 0.001 -12"><span class='ocrx_word' id='word_1_99' title='bbox 191 1658 292 1688; x_wconf 62' lang='lat'>1258.</span> <span class='ocrx_word' id='word_1_100' title='bbox 345 1652 498 1698; x_wconf 87' lang='lat' dir='ltr'>Hujusce</span> <span class='ocrx_word' id='word_1_101' title='bbox 515 1654 564 1686; x_wconf 88' lang='lat' dir='ltr'>rei</span> <span class='ocrx_word' id='word_1_102' title='bbox 583 1651 702 1686; x_wconf 83' lang='lat' dir='ltr'>causae</span> <span class='ocrx_word' id='word_1_103' title='bbox 721 1653 932 1696; x_wconf 81' lang='lat' dir='ltr'>ignorantur,</span> <span class='ocrx_word' id='word_1_104' title='bbox 959 1651 1019 1684; x_wconf 83' lang='lat' dir='ltr'>nifi</span> <span class='ocrx_word' id='word_1_105' title='bbox 1048 1653 1174 1686; x_wconf 84' lang='lat' dir='ltr'>famam</span> <span class='ocrx_word' id='word_1_106' title='bbox 1193 1666 1213 1686; x_wconf 86' lang='lat' dir='ltr'>a</span> <span class='ocrx_word' id='word_1_107' title='bbox 1230 1655 1417 1698; x_wconf 82' lang='lat' dir='ltr'>majoribus</span> <span class='ocrx_word' id='word_1_108' title='bbox 1436 1658 1469 1688; x_wconf 88' lang='lat' dir='ltr'>in</span> <span class='ocrx_word' id='word_1_109' title='bbox 1496 1656 1638 1700; x_wconf 83' lang='lat' dir='ltr'>posteri-</span> 
     </span>
     <span class='ocr_line' id='line_1_15' title="bbox 190 1724 1635 1770; baseline 0.002 -10"><span class='ocrx_word' id='word_1_110' title='bbox 190 1733 299 1761; x_wconf 84' lang='lat' dir='ltr'>tatem</span> <span class='ocrx_word' id='word_1_111' title='bbox 319 1725 519 1760; x_wconf 83' lang='lat' dir='ltr'>transsatam</span> <span class='ocrx_word' id='word_1_112' title='bbox 537 1727 730 1769; x_wconf 50' lang='lat' dir='ltr'>recipimuffi</span> <span class='ocrx_word' id='word_1_113' title='bbox 750 1737 838 1768; x_wconf 82' lang='lat' dir='ltr'>quae</span> <span class='ocrx_word' id='word_1_114' title='bbox 857 1726 957 1758; x_wconf 72' lang='lat' dir='ltr'>docet</span> <span class='ocrx_word' id='word_1_115' title='bbox 977 1726 1010 1757; x_wconf 91' lang='lat' dir='ltr'>id</span> <span class='ocrx_word' id='word_1_116' title='bbox 1029 1724 1206 1770; x_wconf 79' lang='lat' dir='ltr'>contigisse</span> <span class='ocrx_word' id='word_1_117' title='bbox 1225 1738 1285 1770; x_wconf 91' lang='lat' dir='ltr'>per</span> <span class='ocrx_word' id='word_1_118' title='bbox 1303 1729 1525 1762; x_wconf 73' lang='lat' dir='ltr'>monedulam</span> <span class='ocrx_word' id='word_1_119' title='bbox 1554 1732 1635 1763; x_wconf 88' lang='lat' dir='ltr'>dum</span> 
     </span>
     <span class='ocr_line' id='line_1_16' title="bbox 190 1795 1486 1839; baseline 0.001 -6"><span class='ocrx_word' id='word_1_120' title='bbox 190 1800 287 1833; x_wconf 86' lang='lat' dir='ltr'>suum</span> <span class='ocrx_word' id='word_1_121' title='bbox 306 1798 533 1833; x_wconf 82' lang='lat' dir='ltr'>constitueret</span> <span class='ocrx_word' id='word_1_122' title='bbox 551 1799 671 1831; x_wconf 87' lang='lat' dir='ltr'>nidum</span> <span class='ocrx_word' id='word_1_123' title='bbox 691 1803 726 1831; x_wconf 81' lang='lat' dir='ltr'>et</span> <span class='ocrx_word' id='word_1_124' title='bbox 745 1799 779 1830; x_wconf 90' lang='lat' dir='ltr'>in</span> <span class='ocrx_word' id='word_1_125' title='bbox 799 1809 877 1830; x_wconf 91' lang='lat' dir='ltr'>eum</span> <span class='ocrx_word' id='word_1_126' title='bbox 897 1795 1092 1839; x_wconf 74' lang='lat' dir='ltr'>conjecisset</span> <span class='ocrx_word' id='word_1_127' title='bbox 1110 1799 1291 1831; x_wconf 83' lang='lat' dir='ltr'>ardentem</span> <span class='ocrx_word' id='word_1_128' title='bbox 1310 1799 1486 1834; x_wconf 80' lang='lat' dir='ltr'>festucam.</span> 
     </span>
    </p>

    <p class='ocr_par' dir='ltr' id='par_1_10' title="bbox 191 1870 1637 2207">
     <span class='ocr_line' id='line_1_17' title="bbox 240 1870 1634 1909; baseline 0.002 -4"><span class='ocrx_word' id='word_1_129' title='bbox 240 1873 285 1905; x_wconf 85' lang='lat' dir='ltr'>Et</span> <span class='ocrx_word' id='word_1_130' title='bbox 301 1873 343 1905; x_wconf 84' lang='lat' dir='ltr'>ad</span> <span class='ocrx_word' id='word_1_131' title='bbox 358 1870 642 1904; x_wconf 82' lang='lat' dir='ltr'>instaurationem</span> <span class='ocrx_word' id='word_1_132' title='bbox 657 1871 732 1909; x_wconf 85' lang='lat' dir='ltr'>loci,</span> <span class='ocrx_word' id='word_1_133' title='bbox 754 1870 884 1902; x_wconf 88' lang='lat' dir='ltr'>Muriel</span> <span class='ocrx_word' id='word_1_134' title='bbox 903 1871 973 1903; x_wconf 78' lang='lat' dir='ltr'>filia</span> <span class='ocrx_word' id='word_1_135' title='bbox 989 1871 1083 1904; x_wconf 84' lang='lat' dir='ltr'>Pet-ri</span> <span class='ocrx_word' id='word_1_136' title='bbox 1103 1872 1145 1904; x_wconf 88' lang='lat' dir='ltr'>de</span> <span class='ocrx_word' id='word_1_137' title='bbox 1165 1871 1307 1905; x_wconf 87' lang='lat' dir='ltr'>Polloch</span> <span class='ocrx_word' id='word_1_138' title='bbox 1329 1878 1364 1906; x_wconf 82' lang='lat' dir='ltr'>et</span> <span class='ocrx_word' id='word_1_139' title='bbox 1383 1885 1469 1906; x_wconf 86' lang='lat' dir='ltr'>uxor</span> <span class='ocrx_word' id='word_1_140' title='bbox 1484 1874 1634 1908; x_wconf 74' lang='lat' dir='ltr'>Walteri</span> 
     </span>
     <span class='ocr_line' id='line_1_18' title="bbox 193 1941 1637 1991; baseline 0.003 -14"><span class='ocrx_word' id='word_1_141' title='bbox 193 1945 365 1978; x_wconf 75' lang='lat' dir='ltr'>Mul-dach</span> <span class='ocrx_word' id='word_1_142' title='bbox 384 1945 426 1977; x_wconf 91' lang='lat' dir='ltr'>ad</span> <span class='ocrx_word' id='word_1_143' title='bbox 444 1956 529 1988; x_wconf 82' lang='lat' dir='ltr'>opus</span> <span class='ocrx_word' id='word_1_144' title='bbox 548 1944 697 1977; x_wconf 84' lang='lat' dir='ltr'>fabricae</span> <span class='ocrx_word' id='word_1_145' title='bbox 711 1941 874 1976; x_wconf 67' lang='lat' dir='ltr'>ecclesiae</span> <span class='ocrx_word' id='word_1_146' title='bbox 888 1955 907 1975; x_wconf 86' lang='lat' dir='ltr'>a</span> <span class='ocrx_word' id='word_1_147' title='bbox 922 1943 1057 1987; x_wconf 79' lang='lat' dir='ltr'>Kynlos</span> <span class='ocrx_word' id='word_1_148' title='bbox 1072 1948 1214 1976; x_wconf 81' lang='lat' dir='ltr'>centum</span> <span class='ocrx_word' id='word_1_149' title='bbox 1228 1943 1352 1978; x_wconf 81' lang='lat' dir='ltr'>solidos</span> <span class='ocrx_word' id='word_1_150' title='bbox 1367 1946 1523 1979; x_wconf 82' lang='lat' dir='ltr'>Scoticos</span> <span class='ocrx_word' id='word_1_151' title='bbox 1537 1946 1637 1991; x_wconf 82' lang='lat' dir='ltr'>super</span> 
     </span>
     <span class='ocr_line' id='line_1_19' title="bbox 195 2015 1637 2060; baseline 0.003 -11"><span class='ocrx_word' id='word_1_152' title='bbox 195 2017 402 2050; x_wconf 84' lang='lat' dir='ltr'>Dundurcus</span> <span class='ocrx_word' id='word_1_153' title='bbox 429 2017 588 2055; x_wconf 78' lang='lat' dir='ltr'>contulit,</span> <span class='ocrx_word' id='word_1_154' title='bbox 612 2015 756 2049; x_wconf 82' lang='lat' dir='ltr'>testibus</span> <span class='ocrx_word' id='word_1_155' title='bbox 775 2016 914 2048; x_wconf 83' lang='lat' dir='ltr'>domino</span> <span class='ocrx_word' id='word_1_156' title='bbox 933 2015 1077 2049; x_wconf 89' lang='lat' dir='ltr'>Audrea</span> <span class='ocrx_word' id='word_1_157' title='bbox 1095 2015 1251 2060; x_wconf 85' lang='lat' dir='ltr'>episcopo</span> <span class='ocrx_word' id='word_1_158' title='bbox 1272 2018 1491 2058; x_wconf 82' lang='lat' dir='ltr'>Moravienfi,</span> <span class='ocrx_word' id='word_1_159' title='bbox 1522 2020 1637 2053; x_wconf 77' lang='lat' dir='ltr'>Frese-</span> 
     </span>
     <span class='ocr_line' id='line_1_20' title="bbox 193 2088 1636 2136; baseline 0.003 -14"><span class='ocrx_word' id='word_1_160' title='bbox 193 2091 274 2122; x_wconf 89' lang='lat' dir='ltr'>kino</span> <span class='ocrx_word' id='word_1_161' title='bbox 302 2090 440 2127; x_wconf 84' lang='lat' dir='ltr'>decano,</span> <span class='ocrx_word' id='word_1_162' title='bbox 469 2089 620 2134; x_wconf 80' lang='lat' dir='ltr'>Hugone</span> <span class='ocrx_word' id='word_1_163' title='bbox 639 2089 682 2121; x_wconf 87' lang='lat' dir='ltr'>de</span> <span class='ocrx_word' id='word_1_164' title='bbox 700 2088 856 2132; x_wconf 82' lang='lat' dir='ltr'>Dufglas‚</span> <span class='ocrx_word' id='word_1_165' title='bbox 885 2088 1037 2121; x_wconf 87' lang='lat' dir='ltr'>Ranulfo</span> <span class='ocrx_word' id='word_1_166' title='bbox 1064 2089 1187 2122; x_wconf 83' lang='lat' dir='ltr'>clerico</span> <span class='ocrx_word' id='word_1_167' title='bbox 1214 2090 1344 2123; x_wconf 87' lang='lat' dir='ltr'>domini</span> <span class='ocrx_word' id='word_1_168' title='bbox 1372 2091 1529 2136; x_wconf 81' lang='lat' dir='ltr'>episcopi,</span> <span class='ocrx_word' id='word_1_169' title='bbox 1558 2093 1636 2126; x_wconf 85' lang='lat' dir='ltr'>Ma-</span> 
     </span>
     <span class='ocr_line' id='line_1_21' title="bbox 191 2159 1633 2207; baseline 0.002 -13"><span class='ocrx_word' id='word_1_170' title='bbox 191 2160 294 2206; x_wconf 78' lang='lat' dir='ltr'>gistro</span> <span class='ocrx_word' id='word_1_171' title='bbox 322 2161 476 2195; x_wconf 87' lang='lat' dir='ltr'>Henrico</span> <span class='ocrx_word' id='word_1_172' title='bbox 502 2159 649 2205; x_wconf 84' lang='lat' dir='ltr'>physico,</span> <span class='ocrx_word' id='word_1_173' title='bbox 682 2160 836 2193; x_wconf 82' lang='lat' dir='ltr'>Roberto</span> <span class='ocrx_word' id='word_1_174' title='bbox 867 2161 990 2193; x_wconf 81' lang='lat' dir='ltr'>vicario</span> <span class='ocrx_word' id='word_1_175' title='bbox 1024 2162 1066 2194; x_wconf 85' lang='lat' dir='ltr'>de</span> <span class='ocrx_word' id='word_1_176' title='bbox 1097 2161 1234 2201; x_wconf 84' lang='lat' dir='ltr'>Duffus,</span> <span class='ocrx_word' id='word_1_177' title='bbox 1263 2162 1430 2207; x_wconf 83' lang='lat' dir='ltr'>Magistro</span> <span class='ocrx_word' id='word_1_178' title='bbox 1463 2164 1633 2205; x_wconf 80' lang='lat' dir='ltr'>Eduardo,</span> 
     </span>
    </p>
   </div>
   <div class='ocr_carea' id='block_1_9' title="bbox 195 2232 1463 2280">
    <p class='ocr_par' dir='ltr' id='par_1_11' title="bbox 195 2232 1463 2280">
     <span class='ocr_line' id='line_1_22' title="bbox 195 2232 1463 2280; baseline 0.002 -14"><span class='ocrx_word' id='word_1_179' title='bbox 195 2234 342 2268; x_wconf 85' lang='lat' dir='ltr'>Nicolao</span> <span class='ocrx_word' id='word_1_180' title='bbox 359 2233 560 2277; x_wconf 83' lang='lat' dir='ltr'>cappellano</span> <span class='ocrx_word' id='word_1_181' title='bbox 580 2233 622 2266; x_wconf 85' lang='lat' dir='ltr'>de</span> <span class='ocrx_word' id='word_1_182' title='bbox 641 2233 805 2276; x_wconf 80' lang='lat' dir='ltr'>Rathoys,</span> <span class='ocrx_word' id='word_1_183' title='bbox 825 2232 985 2266; x_wconf 81' lang='lat' dir='ltr'>Roberto</span> <span class='ocrx_word' id='word_1_184' title='bbox 1004 2234 1206 2278; x_wconf 80' lang='lat' dir='ltr'>cappellano</span> <span class='ocrx_word' id='word_1_185' title='bbox 1225 2236 1267 2268; x_wconf 86' lang='lat' dir='ltr'>de</span> <span class='ocrx_word' id='word_1_186' title='bbox 1282 2236 1463 2280; x_wconf 75' lang='lat' dir='ltr'>Brethuly,</span> 
     </span>
    </p>
   </div>
  </div>
 </body>
</html>
