1861 2786
220 281 262 310 82>
674 275 913 310 HISTORIA
940 276 1189 310 ABBATUM

474 461 676 494 APPENDIX
696 472 744 494 DE
762 472 886 495 MORTE
905 472 1041 495 DOMINI
1060 462 1218 495 THOMAE
1236 462 1410 495 ABBATIS.

271 588 320 621 Ut
338 598 392 620 res
409 586 488 620 sunt
506 587 706 620 mortalium
723 587 871 631 fragiles,
891 589 1072 632 cupiebam
1090 588 1319 621 tumultuario
1336 589 1402 621 hoc
1420 599 1536 621 rerum
1554 587 1662 633 gesta-

220 671 295 692 rum
322 660 526 704 compendio
553 660 692 692 domino
718 671 796 692 meo
821 658 944 693 seniori
976 661 1115 693 domino
1136 660 1288 694 Thomae
1307 658 1475 704 Crystallo
1501 661 1618 694 abbati
1644 673 1664 694 a

222 732 367 775 Kynlos,
382 731 545 765 Calendis
558 731 580 763 J
584 732 742 770 anuariis,
758 731 867 764 veluti
881 730 1016 765 strenae
1029 731 1235 765 munusculo
1248 732 1434 776 gratificari
1447 743 1454 765 ε
1482 743 1562 765 ecce
1576 743 1664 775 quae

223 815 399 847 nunquam
423 815 493 836 non
519 801 623 842 adest,
650 801 805 836 nostrum
823 808 987 836 conatum
1006 805 1195 837 antevertit
1215 814 1317 836 mors.
1368 803 1486 837 Homo
1505 809 1578 837 erat
1590 805 1663 847 jam

224 876 396 920 vergentis
430 875 564 913 aetatis,
600 879 636 908 et
669 874 833 918 superiori
859 873 988 908 aestate
1020 876 1056 908 in
1081 887 1205 918 aquam
1230 877 1440 908 intercutem
1467 877 1663 914 deciderat;

225 947 280 979 sed
307 958 411 991 opera
436 947 649 979 medicorum
667 944 728 979 fibi
747 952 924 990 utcunque
950 947 1115 985 redditus,
1142 951 1295 980 tumores
1320 952 1458 980 tantum
1484 949 1611 991 pedum
1630 954 1665 980 et

226 1020 376 1052 crurium
398 1020 606 1063 patiebatur.
657 1018 713 1052 Ac
731 1018 806 1062 spes
824 1023 898 1052 erat
916 1030 996 1052 eum
1022 1020 1152 1052 diutius
1171 1020 1350 1058 vi&urum,
1377 1024 1413 1052 et
1437 1021 1544 1053 vitam
1570 1031 1666 1063 para-

226 1089 285 1134 lyfi
309 1091 499 1124 finiturum.
561 1091 697 1124 Verum
723 1091 824 1124 aliter
848 1091 960 1123 multo
987 1093 1113 1124 evenit.
1175 1091 1292 1130 Quum
1318 1091 1494 1124 hominem
1520 1093 1666 1135 puderet

225 1163 316 1195 illius
347 1163 502 1201 tumoris,
533 1168 758 1206 procuratum
785 1160 834 1195 est
864 1163 907 1195 ab
937 1163 1056 1195 amieis
1088 1168 1127 1195 ut
1153 1163 1308 1196 medicae
1338 1164 1421 1196 artis
1446 1164 1666 1206 peritioribus

227 1235 306 1266 viris
336 1233 406 1267 sese
434 1235 680 1267 committeret.
733 1234 882 1267 Suorum
913 1235 1020 1277 igitur
1045 1235 1185 1267 hortatu
1212 1235 1323 1266 virum
1349 1235 1585 1277 percelebrem
1613 1235 1665 1268 M.

228 1305 379 1338 He&ora
397 1305 586 1338 Boethium
606 1306 648 1338 ad
667 1304 699 1338 se
717 1307 872 1338 vocavit:
899 1307 957 1348 qui
975 1317 1054 1338 cum
1074 1304 1293 1349 perspexisset
1310 1303 1451 1350 singula,
1470 1317 1533 1340 nee
1560 1307 1664 1340 ullam

225 1376 457 1410 restituendae
474 1376 630 1410 sanitatis
648 1376 742 1421 spem
769 1376 977 1421 agnosceret,
1000 1382 1040 1410 ut
1066 1382 1205 1422 aegroto
1224 1382 1342 1411 tamen
1367 1390 1407 1411 ac
1431 1378 1523 1411 illius
1549 1380 1667 1412 amicis

227 1450 340 1493 aliqua
358 1461 401 1482 ex
419 1454 517 1493 parte
536 1460 667 1482 morem
684 1454 829 1493 gereret,
848 1449 996 1492 paucula
1012 1450 1181 1492 quaedem
1201 1450 1319 1482 morbo
1338 1448 1507 1493 aptiffima
1524 1451 1666 1483 tradidit

229 1520 446 1554 observanda.
498 1519 646 1559 Frustra,
665 1522 828 1553 nimirum
842 1519 984 1559 frustra3
1000 1520 1133 1565 Jquippe
1152 1519 1195 1554 fic
1214 1523 1368 1554 irritatus
1386 1523 1535 1561 morbus,
1555 1527 1668 1555 tumo-

229 1605 300 1625 rem
322 1593 420 1625 illum
439 1594 590 1626 crurium
616 1593 659 1625 ad
676 1591 864 1636 superiores
890 1598 1004 1636 partes
1023 1598 1058 1626 et
1077 1598 1233 1626 ventrem
1260 1595 1442 1636 promovit.
1493 1593 1535 1626 Id
1561 1605 1668 1637 quum

230 1663 377 1697 rescisset
403 1665 567 1703 medicus,
587 1664 785 1697 foeculenta
802 1665 1034 1707 duritiemque
1052 1665 1140 1697 alvei
1165 1663 1366 1708 clysteribus
1385 1669 1420 1697 et
1438 1664 1669 1709 suppofitoriis

230 1737 376 1769 educere
394 1737 556 1769 tentavit.
609 1735 686 1769 Nec
705 1737 827 1769 itidem
845 1737 908 1769 hoe
926 1737 1025 1779 patto
1046 1734 1211 1769 succeffit.
1262 1735 1357 1770 Nam
1381 1748 1422 1769 ea
1446 1738 1556 1775 noste,
1583 1748 1670 1780 quae

230 1808 384 1851 sequitur
409 1813 581 1851 quartum,
601 1808 834 1841 Calendarum
852 1808 874 1841 J
877 1809 1018 1846 anuarii,
1037 1809 1120 1841 hora
1138 1809 1245 1841 ferme
1264 1809 1447 1841 undecima
1465 1810 1499 1841 in
1517 1808 1575 1841 sua
1592 1820 1669 1842 arce

232 1880 423 1924 Strathilly‚
443 1881 551 1913 vitam
568 1884 680 1913 morte
698 1882 749 1912 vir
766 1881 917 1924 optimus
935 1881 1095 1913 dominus
1113 1880 1261 1913 Thomas
1280 1881 1517 1913 commutavit..

281 1952 361 1990 Sed,
379 1956 419 1984 ut
437 1952 560 1984 maius
586 1951 760 1995 intelligat
780 1952 927 1984 hominis
952 1952 1119 1995 pietatem
1146 1951 1297 1994 quisquis
1315 1950 1378 1984 ista
1395 1951 1497 1995 leget,
1523 1952 1671 1995 paucula

233 2024 288 2055 hic
306 2024 597 2066 quemadmodum
616 2022 695 2055 sunt
712 2021 808 2067 gesta
825 2023 934 2056 literis
952 2022 1237 2066 confignabinms.

283 2094 324 2126 In
339 2096 466 2138 primis,
482 2094 612 2127 solicite
627 2096 698 2138 egit
717 2099 756 2127 ut
774 2094 902 2138 populo
916 2093 977 2127 fibi
996 2093 1170 2127 commisso
1188 2095 1223 2127 in
1242 2105 1311 2127 una
1328 2100 1432 2137 atque
1450 2094 1559 2127 altera
1576 2095 1672 2127 baro-

234 2168 291 2199 nia
306 2165 500 2209 priusquam
515 2177 533 2198 e
548 2167 633 2198 vivis
649 2166 797 2205 cederet,
813 2167 901 2199 foret
915 2165 1121 2199 consultum.
1162 2166 1282 2199 Multa
1300 2166 1342 2199 de
1356 2165 1415 2198 suo
1433 2177 1548 2199 annuo
1560 2166 1670 2201 censu,

236 2249 296 2280 per
313 2235 472 2281 singulos,
491 2238 527 2269 in
544 2241 750 2280 perpetuum
769 2235 905 2275 dimifit,
924 2242 959 2270 et
977 2237 1052 2270 aliis
1070 2236 1240 2280 plerisque
1258 2237 1401 2281 largitus
1421 2236 1470 2270 est
1489 2238 1590 2270 varia.

283 2309 420 2342 Deinde
439 2308 537 2341 Pauli
556 2309 651 2341 tertii
671 2308 852 2342 Pontificis
878 2307 1000 2341 summi
1028 2308 1179 2352 diploma
1206 2309 1287 2351 (quo
1314 2309 1501 2342 cavebatur
1526 2313 1565 2341 ut
1592 2320 1672 2341 exo-
