1861 2786
232 254 276 284 50
689 247 930 282 HISTORIA
957 247 1207 281 ABBATUM

233 346 420 379 Ciceronis.
470 345 574 383 Item,
601 344 814 377 Rhetoricen
840 344 1009 376 minorem
1035 343 1302 382 Melanfflmnis,
1328 354 1407 376 cum
1431 341 1672 376 schematibus.

233 419 335 457 Item,
355 418 567 451 Rhetoricen
587 416 845 449 Melancthonis
862 416 1039 459 majorem.
1090 415 1193 454 Item,
1213 415 1402 459 Sphaeram
1420 427 1440 448 a
1457 414 1675 449 Sacrobosco.

233 491 334 529 Item,
353 490 519 523 Bucolica
539 488 690 533 Virgilii.
729 487 832 527 Item,
848 487 1028 532 Georgica.
1069 487 1172 526 Item,
1189 487 1332 520 Librum
1350 488 1500 531 primum
1519 488 1561 520 de
1579 489 1677 531 copia

238 561 380 595 Erasmi.
431 561 533 601 Item,
554 560 825 594 Arithmeticam
851 558 1012 593 nostram.
1064 559 1166 598 Item,
1194 559 1380 603 Dialogum
1399 560 1548 603 primum
1566 558 1677 604 physi-

234 645 350 668 corum
369 633 481 667 Fabri.
532 633 634 672 Item,
654 631 860 665 Universam
886 631 1033 676 logicam
1051 630 1260 670 Aristotelis,
1281 643 1364 664 cum
1391 632 1677 675 praedicabilibus

239 707 430 750 Porphyrii.
482 705 583 743 Item,
604 705 726 738 Libros
744 704 897 747 quinque
922 702 1139 747 physicorum
1165 702 1373 736 Aristotelis.
1425 703 1527 743 Item,
1556 704 1677 737 Libros

239 779 305 811 duo
331 778 553 822 politicorum
570 775 779 810 Aristotelis.
831 776 933 813 Item,
961 775 1069 808 Primi
1095 775 1173 808 libri
1190 774 1440 808 sententiarum
1467 777 1587 809 decem
1614 776 1678 809 dis-

238 852 430 884 tinctiones.
481 850 585 888 Item,
612 846 802 892 Epistolam
821 847 921 881 Pauli
947 848 990 881 ad
1016 847 1202 880 Romanos.
1241 847 1343 886 Item,
1363 847 1525 891 Quinque
1551 850 1678 892 primos

239 923 342 956 libros
359 919 547 966 Augustini
565 921 608 953 de
626 921 768 953 civitate
787 919 863 952 Dei.

286 994 392 1027 Anno
429 996 516 1026 1541
554 1005 624 1026 una
657 1003 735 1025 cum
770 990 928 1036 episcopo
962 990 1201 1025 Aberdoncnfi
1235 991 1351 1025 missus
1385 991 1434 1026 est
1468 993 1602 1038 legatus
1637 996 1678 1027 ad

240 1067 390 1111 Angliae
408 1077 524 1110 regem
543 1066 585 1098 de
608 1062 838 1098 controversia
861 1065 1008 1107 quadam
1033 1064 1185 1096 limitum
1212 1063 1390 1108 utriusque
1419 1067 1526 1110 regni,
1553 1068 1587 1099 in
1612 1078 1680 1109 quo

240 1138 325 1172 nihil
353 1137 404 1171 est
429 1137 633 1175 eonfeaum,
660 1136 717 1169 sed
747 1137 952 1180 ampliatum
983 1138 1018 1168 in
1046 1136 1140 1169 aliud
1168 1141 1305 1180 tempus
1333 1139 1524 1181 negotium.
1575 1138 1681 1171 Anno

243 1213 343 1249 1549,
378 1221 447 1243 una
476 1221 555 1242 cum
590 1209 729 1242 domino
760 1210 803 1242 ab
834 1208 988 1252 Erss<yne
1020 1209 1122 1242 datus
1152 1208 1201 1242 est
1233 1210 1361 1243 arbiter
1390 1222 1409 1243 a
1438 1211 1570 1244 Jacobo
1601 1224 1681 1256 rege

243 1284 425 1316 Scotorum
458 1283 493 1314 in
522 1293 595 1314 rem
620 1280 836 1325 praesentem
869 1281 911 1314 de
942 1281 1111 1313 limitibus
1141 1281 1281 1314 Scotiae
1311 1293 1391 1314 cum
1422 1282 1549 1327 Anglo.
1608 1284 1682 1317 Ad-

243 1357 379 1388 fuerant
404 1355 566 1397 utrinque
592 1353 715 1392 multi3
746 1352 804 1386 sed
829 1351 905 1396 post
932 1353 1069 1397 longam
1088 1352 1382 1397 disceptationem,
1410 1366 1488 1387 cum
1515 1367 1585 1388 non
1602 1356 1682 1389 satis

244 1428 446 1461 conveniret
472 1427 563 1459 inter
588 1430 712 1469 partes,
740 1425 944 1469 ampliatum
963 1424 1013 1458 est
1031 1426 1208 1469 negotium
1227 1426 1269 1458 ad
1288 1426 1445 1459 futurum
1471 1433 1683 1461 conventum

245 1499 440 1543 Anglorum
459 1498 614 1536 Eboraci,
633 1498 667 1530 id
686 1496 735 1530 est
754 1497 856 1541 vulgo
876 1496 984 1535 York,
1006 1501 1041 1529 et
1060 1496 1237 1530 discefl‘um
1264 1496 1315 1530 est
1342 1499 1386 1531 ab
1403 1503 1550 1542 utraque
1575 1506 1683 1543 parte.

247 1571 420 1614 Deinceps
438 1582 507 1603 una
525 1581 603 1603 cum
627 1570 766 1602 domino
785 1568 938 1612 Erssqvne
956 1570 1044 1601 itum
1064 1567 1114 1601 est
1132 1570 1174 1602 ad
1192 1569 1278 1602 illud
1295 1570 1473 1613 publicum
1500 1572 1685 1605 concilium

247 1642 453 1687 Anglormn,
472 1646 577 1684 atque
595 1642 679 1674 item
697 1641 862 1684 producta
880 1638 929 1673 est
947 1640 1029 1673 dum
1050 1641 1139 1674 clam
1158 1646 1298 1685 paratur
1315 1643 1358 1675 ab
1376 1642 1494 1687 Anglo
1512 1646 1685 1677 exercitus

248 1720 282 1751 in
310 1714 484 1753 Scotiam,
510 1725 574 1746 nec
600 1712 828 1757 permiserunt
859 1714 917 1756 qui
948 1718 1045 1746 erant
1071 1714 1106 1746 in
1133 1712 1282 1746 consessu
1308 1715 1367 1747 illo
1394 1715 1529 1760 anglico
1555 1717 1686 1761 legatos

250 1788 372 1820 scotos
399 1786 453 1819 vel
485 1785 630 1819 scribere
661 1785 696 1818 in
726 1786 882 1828 patriam,
910 1785 964 1818 vel
994 1786 1036 1818 ad
1064 1784 1140 1818 suos
1170 1787 1290 1825 redire,
1317 1799 1361 1820 ne
1391 1788 1480 1821 forte
1505 1787 1563 1821 suo
1598 1789 1686 1833 Regi

251 1863 428 1892 narrarent
447 1869 533 1901 quae
551 1869 611 1901 per
637 1858 793 1891 fraudem
811 1857 881 1890 illic
899 1858 1118 1902 gerebantur,
1146 1858 1255 1891 donec
1279 1859 1430 1893 collectis
1456 1861 1561 1904 copiis
1587 1859 1686 1894 simul

251 1942 329 1964 cum
348 1932 502 1964 exercitu
520 1931 606 1963 fines
625 1930 763 1963 Scotiae
782 1930 823 1962 ad
842 1931 994 1973 quinque
1013 1931 1085 1963 dies
1103 1928 1164 1973 ipsi
1182 1930 1290 1975 Angli
1309 1931 1571 1975 occupavissent.

300 2003 374 2036 Sub
391 2014 519 2036 annum
536 2005 626 2036 1538
642 2002 800 2034 dominus
813 2002 918 2034 abbas
935 2003 1058 2034 accivit
1073 1999 1132 2034 fibi
1151 2003 1315 2045 pictorem
1330 2003 1507 2037 Andream
1522 2005 1686 2038 Bairhum

254 2077 289 2107 in
307 2079 380 2108 arte
398 2073 456 2107 sua
473 2075 658 2118 egregium,
676 2073 734 2106 sed
757 2074 933 2106 hominem
960 2074 1099 2116 quidem
1127 2075 1274 2108 tractatu
1302 2076 1473 2109 difficilem
1493 2081 1529 2109 et
1547 2083 1688 2110 conten-

254 2146 388 2186 tiosum,
418 2158 487 2179 non
517 2147 630 2178 minus
661 2157 762 2189 quam
793 2146 897 2178 animi
928 2147 1135 2189 impotentia
1162 2147 1375 2180 laborantem
1407 2159 1509 2191 quam
1540 2151 1688 2193 corporis

256 2218 502 2256 imbecillitate,
537 2222 577 2250 ut
610 2218 668 2260 qui
701 2221 848 2260 utroque
881 2218 969 2261 pede
1004 2218 1223 2252 claudicaret.
1280 2219 1368 2252 Eum
1397 2225 1524 2260 tamen,
1560 2226 1687 2264 quanta

256 2292 472 2325 humanitate
495 2290 567 2323 fieri
592 2290 716 2333 potuit,
734 2293 810 2321 toto
828 2289 977 2321 triennio
996 2290 1140 2323 retinuit
1166 2292 1256 2334 apud
1282 2291 1428 2335 Ix'ynlos,
1455 2304 1521 2336 quo
1548 2294 1685 2336 quidem
