1861 2786
567 270 886 305 MONASTERII
912 271 946 304 A
973 270 1191 305 KYNLOS.
1555 276 1596 303 85

348 508 575 539 TUMULUS
609 508 887 538 REVERENDI
921 509 1096 538 DOMINI
1132 508 1330 538 THOMAE
1364 508 1612 539 CRYSTALLI

348 582 549 612 ABBATIS
573 581 864 611 MONASTERII
891 581 921 610 A
945 580 1131 610 KYNLOS
1162 580 1287 610 BENE
1321 580 1500 613 MERITL
1528 580 1615 611 PER

348 653 575 684 JOANNEM
600 653 881 684 FERRERIUM
907 653 1323 684 PEDEMONTANUM.

372 793 409 826 Si
428 791 535 837 poss'et
553 793 664 837 pietas
681 793 803 825 mortis
821 792 981 825 cohibere
999 793 1159 831 furorem,

420 865 527 899 Haud
544 866 633 898 foret
651 864 825 897 extinctus
842 864 1032 908 relligionis
1049 865 1168 897 honos.

372 938 410 972 Si
428 939 511 971 reffi
529 938 679 971 officium
697 934 805 981 poss'et
823 934 1040 970 consternere
1057 942 1216 975 mortem,

420 1010 568 1044 Viveret
585 1009 715 1048 officiis,
735 1007 900 1042 officiosus
917 1009 1032 1041 homo.

375 1082 412 1115 Si
430 1081 600 1115 structura
617 1086 722 1125 queat
741 1081 928 1114 Parcarum
946 1081 1085 1114 vincere
1102 1080 1206 1125 leges,

421 1154 558 1187 Vicerit
574 1155 630 1187 1110
648 1158 760 1187 tetrae
778 1152 924 1186 stamina
941 1154 1060 1196 iniqua
1077 1152 1184 1186 Deae.

374 1226 476 1259 Nulli
494 1226 627 1271 relligio
645 1226 773 1269 major3
796 1225 950 1259 solennia
967 1225 1098 1258 Divum

420 1299 505 1332 Tam
523 1298 637 1332 1'an8te
655 1298 818 1337 excoluit,
837 1309 991 1337 munere,
1009 1298 1121 1336 thure,
1140 1309 1251 1342 prece.

374 1371 502 1405 Intulit
519 1372 575 1404 hic
592 1371 711 1414 Tyrias
728 1368 849 1409 vestes,
868 1374 973 1414 atque
991 1382 1095 1403 aurea
1113 1371 1212 1409 dona,

422 1444 530 1483 Queis
548 1444 672 1476 chorus
690 1448 830 1476 ornatus
848 1443 992 1486 prodeat
1009 1447 1091 1476 ante
1110 1442 1239 1475 Deum.

376 1514 550 1549 Instaurat
567 1515 761 1558 templum3
788 1514 936 1558 supremi
954 1519 990 1548 et
1008 1514 1160 1548 culmina
1177 1515 1257 1547 testi

424 1587 446 1620 J
449 1599 505 1621 am
523 1587 655 1620 dudum
672 1586 825 1630 pulchris
843 1590 981 1620 texerat
999 1587 1209 1620 imbricibus.

376 1659 506 1693 Arcem
524 1657 714 1698 constituit,
731 1669 858 1702 magna
874 1663 979 1701 atque
996 1658 1144 1702 palatia;
1172 1659 1239 1692 fixa
1258 1657 1306 1691 est

425 1732 530 1765 AEdes
540 1731 615 1774 jam
632 1731 753 1764 multis
771 1729 1011 1774 conspicienda
1028 1730 1121 1764 locis.

379 1802 528 1837 Sustulit
546 1808 582 1836 et
600 1803 679 1836 lites
698 1803 801 1847 longo
819 1802 998 1835 molimine
1016 1807 1124 1841 natas,

426 1876 478 1909 Ut
495 1875 623 1908 referat
640 1875 736 1913 liber,
755 1875 864 1908 libera
874 1876 954 1919 jura
971 1875 1048 1908 suis.

380 1946 547 1981 Restituit
565 1946 675 1991 lapsos
693 1944 877 1990 Μοναχόυς,
898 1948 1060 1980 formavit
1079 1951 1115 1980 et
1133 1948 1232 1980 auxit

427 2019 521 2052 Hinc
539 2018 675 2057 Cerere,
692 2019 772 2052 hinc
790 2018 939 2057 Baccho,
956 2019 1223 2062 muneribusque
1240 2021 1314 2063 piis.

382 2093 514 2136 Largus
531 2092 567 2124 in
585 2091 713 2130 affines,
731 2090 862 2124 multos
879 2091 1053 2124 celebrare
1072 2090 1294 2134 Hymenaeos

429 2163 589 2202 Edocuit,
608 2163 722 2207 largus
739 2174 893 2202 munere,
912 2160 1060 2196 confilio.

370 2236 471 2276 Quod
488 2236 613 2269 mirere
630 2236 749 2279 magis,
767 2233 842 2279 post
860 2235 981 2268 funera
998 2233 1159 2278 prospicit
1177 2235 1231 2277 (ut
1249 2236 1281 2268 se

430 2307 620 2341 Mortalem
638 2308 749 2351 novit)
767 2306 924 2351 linquere
942 2304 1033 2351 posse
1051 2318 1178 2351 parem.
