1861 2786
593 248 909 282 MONASTERH
938 248 971 281 A
1000 248 1216 281 KYNLOS.
1579 250 1621 279 33

184 344 359 387 ingentem
379 343 571 386 pecuniam,
590 349 629 376 ut
648 342 692 376 fic
712 344 810 376 fieret
831 345 936 377 abbas
954 356 974 376 a
991 344 1116 387 Cupm,
1146 343 1238 375 unde
1264 343 1413 386 primum
1432 342 1466 374 in
1485 341 1621 384 Kynlos

184 419 334 448 venerat.
386 414 454 447 Sed
479 426 559 448 cum
578 415 704 448 fefellit
731 420 885 454 conatus,
912 426 985 448 rem
1016 416 1065 448 ita
1091 405 1366 458 temperantibus
1392 412 1531 457 superiS‚
1558 424 1621 445 nec

186 486 319 530 Kynlos
348 487 463 530 potuit
490 487 649 525 retinere,
678 498 742 519 nec
771 486 925 530 Cuprum
954 498 1086 530 capere.
1151 486 1286 519 Verum
1312 485 1498 519 infeliciter
1522 486 1620 529 perit,

184 558 300 591 dolore
318 559 503 594 confectus,
522 559 613 602 apud
633 558 784 602 Forfayr.

232 630 305 663 Sub
322 631 387 663 hoc
401 630 422 663 J
426 630 532 664 acobo
548 630 707 674 Guthery
721 631 799 663 facti
818 630 896 663 sunt
916 631 1074 663 monachi
1094 631 1252 662 dominus
1272 629 1449 662 Robertus
1469 629 1622 662 Donald-

184 702 241 734 son
260 702 425 746 patruelis
443 703 573 735 domini
591 702 612 735 J
616 704 736 735 oannis
755 702 937 736 Schanwel
957 703 1039 735 olim
1058 703 1192 735 abbatis
1210 714 1229 734 a
1247 702 1386 745 Cupro;
1414 702 1468 734 liic
1491 701 1622 734 Rober-

185 782 240 807 tus
263 773 465 807 instauravit
483 773 644 807 sacellum
663 774 698 807 S.
716 774 869 807 Thomae
896 776 1074 818 1nartyris3
1102 775 1188 807 obiit
1210 777 1310 812 1510,
1330 774 1391 807 sub
1408 774 1540 807 Thema
1564 774 1622 806 ab-

184 847 273 879 bate.
325 846 414 879 Cum
427 845 626 879 Donaldson
645 845 738 879 rasus
753 845 803 879 est
821 847 980 879 dominus
994 846 1016 879 J
1019 857 1147 879 oannes
1163 845 1333 890 Guthery,
1348 847 1406 889 qui
1425 846 1527 889 longe
1541 851 1623 879 ante

184 918 281 951 suum
300 917 468 962 collegam
487 918 567 950 fatis
585 915 757 951 conceffit.

231 989 333 1029 Item,
364 990 523 1023 dominus
552 989 721 1024 Patricius
749 989 895 1029 VVilson,
928 991 979 1022 vir
1010 991 1063 1032 (ut
1094 990 1210 1033 audio)
1242 990 1378 1033 probus,
1412 991 1622 1022 novitiorum

185 1062 358 1101 formator,
389 1064 446 1105 qui
477 1063 582 1095 etiam
613 1062 762 1106 praefuit
794 1063 933 1095 domino
963 1062 1117 1096 Thomae
1148 1061 1318 1107 Crystallo
1349 1061 1468 1106 postea
1496 1062 1622 1095 abbati.

184 1133 283 1167 Obiit
301 1135 460 1168 dominus
476 1134 656 1173 Patricius,
674 1132 749 1178 post
761 1135 870 1168 varias
889 1135 1137 1174 divexationes,
1156 1134 1217 1167 sub
1229 1134 1362 1167 Thoma
1380 1135 1514 1172 abbate,
1534 1138 1622 1167 1525

186 1207 241 1239 die
261 1208 280 1239 6
298 1205 459 1251 Augusti.

234 1278 336 1317 Item,
361 1279 521 1311 dominus
548 1278 662 1311 David
691 1278 796 1317 Eliot,
823 1279 881 1321 qui
900 1278 1063 1321 pleraque
1090 1278 1267 1311 volumina
1293 1279 1440 1317 ritualia,
1468 1278 1624 1311 studiosis

186 1351 369 1385 necessaria
399 1352 454 1385 vel
488 1352 627 1389 coemit,
664 1351 717 1384 vel
745 1350 804 1384 sua
832 1362 937 1384 manu
969 1349 1154 1394 descripsit.
1216 1351 1312 1383 Emit
1344 1351 1398 1383 1110
1429 1350 1553 1384 sacello
1589 1351 1623 1383 S.

185 1424 330 1457 Joannis
348 1435 424 1457 eam
443 1421 686 1467 Evangelistae
706 1424 891 1467 imaginem
910 1434 1013 1466 quam
1040 1434 1132 1455 nunc
1152 1423 1317 1461 videmus,
1346 1428 1381 1455 et
1408 1422 1556 1456 calidam
1582 1435 1625 1456 ex

186 1497 287 1529 rubra
305 1494 396 1540 bysso
414 1495 613 1539 palmatam.
665 1494 764 1528 Obiit
786 1496 875 1528 1526
895 1495 951 1528 die
973 1499 991 1527 5
1011 1494 1227 1533 Decembris,
1246 1494 1308 1527 sub
1326 1495 1459 1528 Thema
1476 1496 1612 1529 abbate.

235 1569 338 1607 Item,
357 1569 516 1601 dominus
538 1567 736 1601 Gulielmus
763 1567 900 1605 Butter,
928 1568 985 1610 qui
1012 1578 1073 1610 per
1098 1568 1374 1611 indignationem
1400 1568 1624 1601 homicidium

186 1642 335 1684 patravit
354 1640 565 1674 verberando
585 1650 731 1683 puerum
750 1640 784 1671 in
804 1638 951 1672 claustro
977 1638 1026 1671 sui
1052 1638 1267 1677 Monasterii,
1295 1638 1356 1672 sub
1382 1640 1508 1672 abbate
1526 1639 1626 1672 Guli-

185 1713 276 1746 elmo
295 1712 427 1746 Culros.
478 1712 594 1751 Quare
613 1712 721 1744 factus
739 1711 943 1755 irregularis,
970 1711 1144 1754 p1·ofe‹?tus
1162 1709 1212 1743 est
1230 1711 1391 1749 Romam,
1417 1723 1496 1744 cum
1515 1712 1623 1744 altero

185 1785 364 1823 monacho,
384 1785 524 1817 domino
543 1783 698 1816 Henrico
714 1783 939 1826 Leythouow,
962 1786 1062 1822 1500,
1090 1783 1148 1816 ubi
1167 1782 1344 1816 absolutus
1363 1781 1422 1821 est,
1450 1794 1489 1816 ac
1507 1795 1624 1816 exem-

185 1858 280 1900 plum
299 1856 523 1889 absolutionis
540 1854 599 1888 suo
618 1856 735 1888 abbati
762 1853 970 1893 transniifit3
998 1853 1068 1898 ipse
1096 1855 1294 1888 Gulielmus
1322 1866 1402 1888 vero
1420 1866 1499 1888 cum
1527 1855 1624 1888 Hen-

184 1931 253 1962 rico
272 1929 405 1973 collega
422 1939 599 1971 nunquam
617 1928 731 1960 rediit.

234 2000 334 2039 Item,
362 2000 521 2033 dominus
538 1999 692 2033 Joannes
719 1999 835 2038 Kelle,
863 2004 1022 2043 receptus
1049 2003 1198 2037 tantum,
1225 1996 1342 2042 postea
1368 1998 1532 2042 profefl'us
1558 1998 1620 2031 sub

185 2073 364 2106 Galbreth.
416 2071 486 2104 Hic
512 2072 628 2104 triduo
646 2082 749 2114 quam
775 2076 968 2104 moreretur
986 2072 1021 2103 in
1039 2070 1183 2114 Templo
1203 2069 1454 2103 Eucharistiam
1471 2069 1618 2108 sumens,

185 2151 299 2189 patres
324 2145 458 2189 rogavit
483 2149 523 2176 ut
549 2144 653 2176 funus
679 2143 776 2176 suum
804 2145 839 2176 in
865 2144 957 2176 diem
983 2144 1128 2176 tertium
1155 2143 1331 2181 ducerent,
1355 2147 1390 2175 et
1408 2144 1458 2176 ita
1483 2144 1620 2181 evenit;

190 2221 277 2251 1522
297 2218 352 2250 die
371 2219 414 2249 20
433 2216 455 2249 J
458 2216 589 2249 anuarii
607 2216 720 2258 periit.
774 2215 871 2248 Emit
889 2216 916 2248 is
934 2214 1099 2248 tabellam
1118 2215 1153 2247 in
1180 2213 1303 2248 sacello
1329 2214 1364 2247 S.
1384 2214 1557 2251 Andreae,
1585 2219 1620 2246 et

185 2288 333 2323 casulam
352 2288 540 2332 palmatam
558 2298 602 2321 ex
619 2287 722 2320 rubra
738 2286 841 2331 bysso.
