1861 2786
617 266 938 302 MONASTERII
967 267 998 300 A
1033 267 1251 301 KYNLOS.
1610 271 1647 303 71

214 365 336 408 ligneis
371 360 504 401 tesselis,
536 363 643 395 veluti
679 363 789 406 planis
820 364 1030 403 imbricibus,
1062 364 1238 397 contexit:
1278 368 1314 397 et
1348 363 1530 407 plumbum
1561 364 1650 406 quod

214 434 341 474 visitur,
369 435 488 468 multis
506 447 526 468 a
545 434 716 468 vetustate
735 436 818 468 locis
837 447 961 479 aquam
982 435 1229 474 tranfinittens,
1257 435 1408 469 restituit
1431 434 1651 479 saepiuscule.

262 506 390 540 Nostro
408 509 514 540 etiam
533 513 699 551 tempore,
717 519 792 541 eam
812 509 893 540 teeti
912 512 1045 551 partem
1065 520 1152 551 quae
1171 509 1313 541 chorum
1334 509 1470 553 integit,
1490 509 1652 551 utrinqne

212 591 301 613 novo
318 580 461 624 plumbo
480 581 611 613 curavit
631 581 874 613 adornandam.
919 580 1102 625 Deinceps,
1121 592 1283 614 coronam
1301 581 1424 625 templi
1442 592 1653 624 quaquaver—

212 652 284 686 sum
304 654 470 686 excitavit
497 652 610 696 lapide
636 653 813 696 quadrato,
842 654 876 685 in
903 664 1034 686 morem
1053 653 1216 687 videlicet
1243 653 1501 687 corollariorum
1523 654 1558 686 in
1578 665 1653 696 pro-

211 726 424 770 pugnaculis,
443 731 484 758 ut
507 726 717 758 imbricatori
737 726 854 769 (quem
873 727 979 758 etiam
999 726 1208 770 tegularium
1228 727 1404 770 vocamus)
1423 727 1536 758 minor
1554 726 1653 758 fieret

212 798 307 832 labor
324 799 359 831 in
377 797 590 831 restituendo
609 799 700 831 teao
719 797 743 830 fi
763 799 900 841 quando
926 798 1032 831 scalas
1057 798 1268 831 admoveret.
1326 798 1457 831 Eadem
1486 810 1589 842 opera
1616 804 1651 831 et

210 869 331 909 studio,
359 871 427 904 divi
455 870 660 913 Hieronymi
687 869 861 909 sacellum,
890 870 1034 914 superne
1061 870 1245 909 ruinosum,
1273 882 1342 903 non
1368 871 1573 904 indecenter
1590 883 1650 914 per

210 943 326 975 omnia
350 941 512 975 restituit.
564 942 743 976 Excitavit
768 947 948 986 praeterea
975 944 1009 975 in
1036 943 1158 975 eodem
1184 943 1316 986 templo
1334 943 1376 975 ad
1395 942 1653 976 sacrificandum

210 1019 280 1048 tres
298 1026 395 1054 a1·as;
422 1026 527 1047 unam
546 1015 624 1047 divo
638 1014 863 1059 Hieronymo,
883 1015 982 1047 divae
1000 1014 1126 1047 Annae
1145 1015 1300 1054 alteram,
1319 1016 1460 1048 tertiam
1479 1016 1514 1047 in
1529 1014 1652 1048 sacello

210 1091 452 1126 mortuorunm
487 1098 571 1130 quas
606 1088 711 1120 etiam
739 1091 863 1120 ornatu
890 1088 982 1120 vario
1009 1091 1045 1119 et
1071 1086 1172 1120 sacris
1200 1085 1351 1120 vestibus
1388 1086 1544 1131 religiose
1574 1086 1653 1120 satis

211 1161 394 1193 decoravit.
446 1158 637 1192 Constituit
655 1158 792 1203 insuper
809 1160 920 1203 majus
937 1159 1153 1203 horologium
1173 1160 1264 1202 quod
1282 1161 1319 1192 in
1336 1160 1469 1203 templo
1487 1160 1530 1192 ad
1548 1159 1654 1193 sacra-

211 1234 297 1265 rium
317 1233 465 1270 videtur,
492 1244 511 1265 a
529 1233 642 1276 capite
671 1232 789 1276 (juxta
813 1233 1038 1275 paraemiam)
1057 1231 1164 1275 usque
1182 1232 1225 1265 ad
1243 1233 1370 1276 pedes3
1398 1237 1434 1265 et
1453 1232 1547 1265 aliud
1566 1233 1651 1265 item

210 1306 333 1343 minus,
353 1305 461 1337 veluti
489 1305 744 1343 excitatorium,
771 1316 838 1348 quo
866 1306 894 1337 is
912 1306 1024 1337 utitur
1042 1316 1085 1337 ex
1112 1304 1223 1338 officio
1249 1306 1308 1348 qui
1334 1305 1542 1338 antelucano
1566 1309 1654 1337 tem-

210 1389 291 1420 pore
317 1378 359 1410 ad
379 1378 511 1410 divinas
530 1377 648 1410 laudes
666 1378 891 1420 percinendas
910 1377 1060 1420 reliquos
1079 1377 1201 1410 fratres
1220 1377 1375 1410 excitare
1393 1375 1580 1410 consuevit.

258 1449 312 1482 Ae
331 1448 447 1482 statim
470 1451 505 1482 in
524 1450 624 1482 initio
642 1448 720 1482 suae
745 1449 933 1487 electionis,
953 1462 972 1482 e
990 1450 1131 1493 regione
1157 1449 1257 1482 aulae
1283 1449 1418 1482 abbatis
1437 1449 1542 1492 juxta
1566 1451 1654 1482 euri-

210 1533 291 1565 pum
326 1522 520 1565 tubnmque
554 1533 615 1566 per
648 1533 751 1565 quem
783 1533 871 1565 aqua
905 1522 947 1554 ad
978 1521 1199 1554 moletrinam
1235 1522 1413 1555 derivatur
1446 1521 1652 1557 monasterii.

210 1595 350 1626 domum
378 1606 397 1627 a
427 1594 664 1627 fundamentis
689 1593 828 1638 posuit3
858 1595 894 1627 in
921 1606 970 1632 ea,
997 1592 1113 1626 nostro
1140 1599 1299 1638 tempore
1331 1594 1507 1628 Robertus
1538 1595 1652 1629 abbas,

210 1665 361 1710 ejusdem
387 1666 540 1700 Thomae
567 1667 727 1700 alumnus
751 1672 786 1700 et
813 1666 1008 1700 declaratus
1034 1665 1208 1705 succeffm,
1236 1667 1437 1699 recumbere
1463 1666 1652 1700 consuevit.

211 1737 348 1777 Rursus,
379 1750 469 1772 anno
494 1737 613 1772 salutis
638 1739 810 1772 humanae
838 1736 1008 1772 tricefimo
1035 1738 1133 1782 supra
1163 1737 1506 1782 sesquimillefimum,
1533 1738 1652 1772 iisdem

209 1812 350 1844 aedibus
377 1809 615 1855 ampliffimam
643 1812 769 1855 adjecit
796 1811 1033 1855 appendicem.
1086 1810 1128 1843 In
1155 1812 1274 1854 primis
1291 1810 1449 1844 subversa
1475 1812 1597 1846 rimosa
1614 1825 1652 1846 ac

210 1883 345 1917 vetusta
367 1885 403 1916 in
430 1896 470 1917 eo
497 1884 572 1917 loco
591 1884 801 1917 domuncula
819 1884 922 1917 aedes
939 1895 1045 1917 novas
1063 1885 1165 1927 priori
1185 1884 1341 1917 aedificio
1359 1886 1534 1917 communi
1553 1886 1653 1918 coch-

210 1957 263 1990 lea
292 1958 492 2001 conjunxit:
528 1958 666 2001 egregia
692 1955 771 1990 sane
798 1954 976 1995 structura,
1003 1968 1072 1989 non
1098 1957 1213 1989 minus
1239 1954 1422 1990 neceffiiria
1448 1956 1652 1991 monasterio

210 2041 312 2073 quam
339 2034 542 2063 ornamento
560 2030 722 2062 maximo.

258 2102 430 2146 Magnum
456 2106 635 2146 praeterea
661 2102 795 2135 abbatis
820 2101 1029 2139 cubiculum,
1057 2112 1134 2144 quo,
1161 2112 1223 2144 per
1247 2100 1421 2145 hospitum
1447 2101 1646 2141 absentiam,

212 2175 318 2208 veluti
341 2176 474 2207 minore
500 2175 647 2218 quadam
675 2174 754 2207 aula
779 2175 814 2207 in
840 2174 984 2218 prandio
1003 2178 1038 2207 et
1057 2185 1164 2206 coena
1190 2185 1270 2207 cum
1296 2173 1355 2207 sua
1380 2175 1510 2208 familia
1530 2177 1650 2210 utitur,

210 2247 330 2280 multis
354 2247 465 2280 modis
490 2245 702 2280 instauravit.
754 2246 796 2279 In
822 2247 941 2290 primis
967 2245 1152 2279 fenestram
1178 2246 1248 2280 illic
1275 2249 1409 2291 aperuit
1435 2248 1651 2292 quadrangu-

210 2319 316 2352 larem
336 2318 521 2351 habentem
550 2329 697 2357 crucem,
724 2318 783 2351 ubi
810 2322 914 2351 antea
945 2319 1131 2353 fumarium
1165 2318 1416 2364 ineptiffimum
1448 2321 1648 2354 videbatur:
